2032 3192
826 179 1187 224 PRAEFATIO.
1788 181 1854 232 11

164 316 494 386 praetoriam
547 314 735 368 tendit.
829 313 933 368 Sed
979 314 1027 367 si
1067 315 1300 384 quinque
1346 315 1434 367 vel
1482 333 1575 368 sex
1614 315 1856 385 legiones

166 393 416 458 acceptae
455 389 672 458 fuerint,
711 388 838 458 quid
868 391 987 441 tum
1018 387 1203 458 Lange
1241 388 1442 442 faciet‘?
1504 389 1624 459 Ego
1666 390 1859 459 scripsi

163 464 443 517 cohortium
471 463 752 531 principiis
803 462 870 515 ad
908 480 1022 514 rem
1062 463 1392 515 correctione
1433 463 1858 518 accommodata.

164 537 392 590 Munera
430 537 708 606 legionum
756 554 930 605 neque
969 536 1219 589 dicuntur
1265 537 1478 590 cohorti
1516 538 1721 606 primae
1759 556 1858 591 nec

164 611 368 682 legioni
407 612 534 679 toti,
574 611 667 663 sed
704 610 987 680 principiis
1026 610 1197 663 totius
1244 610 1475 680 legionis
1522 610 1717 681 (utitur
1755 612 1858 665 hoc

164 686 328 738 verbo
353 684 603 755 Hyginus
644 702 686 737 c.
714 682 821 755 14),
861 687 917 736 et
955 684 1022 736 ab
1055 683 1123 736 iis
1165 683 1232 736 ad
1272 685 1542 737 centurias
1580 685 1856 754 perferun-

161 762 266 812 tur.
325 757 476 811 Idem
513 776 642 811 usus
681 758 738 810 in
778 757 1099 811 exercitibus
1137 760 1357 810 nostrae
1397 759 1593 812 aetatis
1633 759 1807 813 durat.

312 851 354 885 c.
386 833 473 885 25.
547 833 725 899 Eques
778 835 950 884 autem
1004 829 1252 901 (accipit)
1295 833 1407 885 ‚duo
1459 839 1609 886 semis
1662 835 1858 886 adiecta

164 907 369 974 quinta]
425 905 612 959 Verba
659 924 795 974 quae
843 907 968 958 sunt
1008 904 1132 958 ‘duo
1182 906 1343 958 semis
1391 906 1602 959 adiecta
1649 906 1856 975 quinta'

165 981 299 1033 satis
339 980 565 1033 obscure
605 979 749 1032 dicta
789 982 927 1032 sunt.
1002 979 1200 1047 Erant,
1247 980 1339 1047 qui
1379 979 1607 1033 ‘adiecta
1647 980 1855 1050 quinta'

160 1054 293 1107 item
331 1054 832 1122 interpretarentur,
878 1056 939 1105 ut
978 1053 1143 1122 paulo
1184 1056 1333 1122 ante,
1379 1054 1474 1106 ubi
1513 1055 1746 1123 scriptor
1793 1055 1857 1107 de

159 1128 338 1196 pedite
380 1128 507 1196 egit,
547 1126 809 1196 ‘quintam
847 1127 998 1196 pedis
1037 1125 1285 1195 partem’.
1361 1126 1426 1179 In
1465 1128 1659 1197 quibus
1701 1132 1858 1181 erant

162 1202 327 1254 etiam
366 1199 555 1255 Schele
596 1204 664 1269 et,
713 1219 872 1270 quem
910 1200 1094 1270 Lange
1132 1219 1184 1270 p.
1205 1202 1308 1253 177
1335 1201 1483 1270 citat,
1520 1201 1571 1254 N
1577 1205 1675 1255 ast.
1754 1201 1858 1256 Sed

160 1275 349 1344 Lange
396 1275 431 1328 1.
470 1275 506 1327 l.
552 1275 694 1327 hanc
751 1275 1077 1328 sententiam
1131 1275 1391 1327 refutavit
1437 1293 1479 1328 c.
1521 1276 1592 1328 26
1647 1275 1859 1346 Hygini

159 1349 328 1402 verba
365 1349 606 1402 invenies
647 1349 722 1402 ‘et
760 1348 975 1418 pedem,
1027 1348 1170 1417 quod
1209 1349 1406 1416 accipit
1444 1349 1623 1418 mileS,
1669 1351 1856 1419 redigo

161 1423 230 1476 ad
279 1422 383 1475 duo
433 1423 619 1491 semiS,
682 1422 824 1491 quod
872 1423 1068 1490 accipit
1118 1420 1317 1491 eques'‚
1371 1423 1577 1476 omittit
1623 1425 1855 1492 scriptor

161 1496 406 1566 quintam
445 1500 498 1548 et
543 1496 738 1565 peditis
786 1499 841 1549 et
887 1496 1108 1565 equitiS,
1164 1500 1218 1548 et
1264 1495 1449 1565 Lange
1495 1499 1643 1550 recte
1692 1498 1857 1550 adicit

165 1569 331 1639 ‘quod
370 1571 523 1623 salva
553 1570 905 1639 proportione
934 1570 1110 1622 facere
1141 1588 1254 1623 non
1283 1570 1484 1638 potuit,
1521 1571 1629 1623 nisi
1669 1571 1858 1640 quinta

161 1644 359 1713 pedum
392 1644 618 1696 duorum
644 1644 804 1696 semis
830 1643 1195 1712 intellegenda
1220 1644 1396 1698 esset'.
1446 1642 1551 1697 Sed
1574 1662 1646 1697 ne
1659 1644 1858 1714 Langii

159 1717 375 1786 quidem
407 1718 783 1786 interpretatio
810 1718 1059 1770 omnibus
1089 1718 1329 1770 numeris
1355 1718 1607 1771 absoluta
1629 1719 1856 1772 videtur.

158 1791 401 1844 Primum
441 1792 657 1860 quidem
697 1791 977 1858 concedes,
1023 1792 1298 1844 nominem
1342 1810 1442 1860 pro
1489 1793 1665 1845 tribus
1707 1793 1855 1861 pedi-

163 1865 263 1917 bus
305 1865 478 1918 dicere
520 1866 625 1918 duo
666 1866 828 1918 semis
869 1865 1079 1918 adiecta
1118 1865 1328 1934 quinta3
1370 1866 1558 1918 deinde
1593 1867 1855 1919 terminus

159 1937 388 1991 ‘adiecta
427 1938 653 2008 quinta',
701 1939 914 2008 saepius
954 1939 1170 2008 quidem
1216 1939 1273 1992 in
1319 1942 1509 1993 nostro
1560 1944 1853 2008 usurpatus

160 2015 260 2080 est,
298 2016 515 2081 praeter
550 2015 800 2065 nostrum
839 2013 1018 2065 locum
1050 2031 1092 2065 c.
1118 2012 1189 2065 35
1223 2017 1278 2066 et
1310 2031 1350 2065 c.
1375 2014 1470 2081 42,
1511 2013 1605 2066 sed
1644 2033 1857 2083 semper

160 2086 224 2138 de
255 2086 447 2155 pedite,
476 2105 743 2156 nusquam
776 2086 839 2138 de
873 2087 1062 2155 capite,
1100 2087 1264 2139 immo
1290 2105 1333 2140 c.
1362 2087 1429 2139 16
1464 2090 1519 2140 et
1550 2106 1591 2140 c.
1618 2088 1690 2140 34
1721 2088 1855 2158 legi-

160 2178 302 2229 mus,
342 2160 577 2229 equitem
608 2165 708 2214 tres
728 2161 882 2228 pedes
917 2160 1207 2230 accepisse3
1248 2161 1460 2229 omitto,
1501 2161 1644 2230 quod
1668 2165 1855 2214 nostro

159 2234 279 2286 loco
335 2234 426 2286 ille
479 2234 745 2286 terminus
799 2253 908 2287 non
962 2235 1205 2303 quintam
1257 2234 1410 2303 pedis
1465 2238 1700 2304 partem,
1763 2235 1856 2287 sed

159 2307 439 2360 dimidiam
479 2308 822 2377 significaret.
901 2306 1104 2361 Contra
1151 2308 1302 2361 salvo
1352 2326 1509 2361 sensu
1555 2309 1651 2361 illa
1689 2310 1855 2362 verba

159 2382 426 2434 removeri
463 2385 706 2450 possunt.
768 2381 847 2434 Re
886 2400 1012 2435 vera
1045 2382 1243 2449 accipit
1275 2399 1437 2451 eques
1475 2386 1690 2435 tantum
1722 2384 1854 2436 duos

159 2453 323 2522 pedes
364 2458 418 2506 et
458 2455 740 2507 semissem
780 2455 844 2507 cf.
878 2473 919 2508 c.
948 2456 1014 2508 16
1041 2474 1119 2508 ex,
1160 2454 1236 2507 ‘in
1275 2473 1338 2509 eo
1378 2455 1511 2524 pede
1550 2457 1854 2525 praefectus

161 2528 278 2580 alae
316 2528 632 2596 pedaturam
672 2529 924 2598 accipiat,
979 2532 1032 2582 et
1077 2529 1401 2598 principales
1450 2547 1634 2583 eorum
1675 2531 1853 2599 aliquo
1884 2533 1887 2536 ”

160 2601 336 2654 laxius
376 2602 624 2670 tendant3
664 2603 905 2671 alioquin
944 2603 1146 2673 singuli
1183 2603 1342 2656 binos
1382 2604 1543 2672 pedes
1584 2608 1638 2657 et
1670 2605 1853 2657 semis—

164 2693 248 2727 ses
282 2675 622 2744 acciperent',
652 2676 812 2745 pedes
838 2679 1016 2729 autem
1041 2677 1232 2746 pedem
1256 2677 1466 2730 adiecta
1491 2678 1695 2747 quinta,
1726 2696 1854 2731 nam

161 2749 564 2802 centurionibus
606 2749 773 2802 ‘locus
812 2749 992 2819 datur,
1045 2751 1137 2820 qui
1182 2754 1470 2819 propterea
1516 2770 1714 2805 vacuus
1755 2755 1854 2820 est,

163 2821 307 2889 quod
336 2840 445 2875 non
472 2824 593 2892 100,
632 2824 725 2876 sed
750 2824 821 2877 80
853 2825 1051 2877 milites
1083 2825 1141 2876 in
1173 2826 1413 2878 centuria
1439 2825 1585 2878 sunt'
1603 2823 1853 2895 (Lange).

159 2894 308 2964 Ergo
350 2899 447 2964 est,
487 2897 629 2965 quod
668 2898 812 2950 inter
851 2917 906 2951 se
939 2899 1241 2967 comparari
1273 2899 1484 2967 possint
1514 2917 1608 2967 pes
1642 2899 1852 2952 adiecta
