1998 3192
326 173 508 218 LIBER
537 171 619 215 DE
649 170 1095 217 MUNITIONIBUS
1128 170 1506 216 CASTRORUM.
1688 172 1758 224 21

73 308 293 363 tendere
346 308 640 376 debebunt,
693 307 803 360 alia
856 307 915 359 in
966 309 1315 375 praetentura
1367 307 1619 360 similiter
1667 326 1766 376 per

72 383 310 454 rigorem
339 382 460 435 viae
500 381 767 450 sagulatis
806 380 1134 433 intrantibus
1179 383 1396 449 portam
1432 381 1763 451 praetoriam

72 459 228 525 parte
265 455 442 523 laeva3
489 455 676 508 dextra
714 454 962 507 cohortes
1002 453 1139 507 duae
1178 454 1479 508 contrariae
1519 454 1766 524 tendant,

73 533 134 583 ut
185 529 360 598 possit
414 529 681 582 exercitus
736 527 1076 581 combinatus
1132 526 1298 581 educi.
1397 528 1447 580 4.
1502 528 1765 591 Quotiens

72 605 255 657 autem
294 602 528 672 quinque
566 602 651 656 vel
684 620 775 654 sex
807 602 1050 671 legiones
1083 599 1350 671 aclceptae
1373 601 1588 670 fuerint,
1629 602 1765 656 duae
1781 617 1927 672 1280ι

74 676 323 730 cohortes
360 677 568 745 primae
614 675 876 728 lateribus
922 675 1184 744 praetorii
1221 675 1441 728 tendere
1480 675 1767 745 debebunt,
1789 688 1813 722 6

74 749 211 802 duae
257 750 315 803 in
353 751 724 818 praetentura,
771 759 932 818 super
978 748 1172 818 quibus
1219 749 1634 818 valetudinaria,
1682 750 1769 802 de-

73 823 198 876 inde
237 823 526 892 vexillarii3
569 826 623 876 et
662 825 709 876 si
745 841 830 876 res
871 823 1069 891 exiget,
1107 822 1301 876 cohors
1341 822 1584 893 peditata
1615 824 1769 892 quin-

74 897 300 968 genaria
336 897 457 950 loco
497 896 900 951 vexillariorum
931 896 1071 949 solet
1094 897 1409 966 superponi,
1449 899 1526 964 et,
1566 896 1614 949 si
1645 897 1769 949 stri—

74 971 211 1024 ctior
261 970 425 1023 fuerit
475 970 764 1040 pedatura,
818 970 1012 1024 cohors
1067 970 1370 1040 legionaria
1423 970 1540 1022 dari
1593 970 1768 1039 debet,
1792 983 1836 1015 10

74 1044 168 1097 sed
204 1062 429 1097 numero
470 1062 582 1112 suo,
621 1047 683 1097 ut
712 1043 860 1096 LXX
897 1043 1061 1113 pedes
1099 1044 1554 1102 valetudinarium
1593 1048 1648 1097 et
1686 1062 1770 1096 re—

72 1117 239 1187 liqua,
279 1135 415 1186 quae
448 1136 611 1186 supra
652 1118 890 1186 tendent,
929 1117 1213 1187 accipiant,
1250 1117 1353 1171 hoc
1394 1120 1476 1170 est
1506 1117 1771 1171 veterina-

72 1191 216 1244 rium
256 1194 310 1245 et
346 1191 570 1260 fabrica,
609 1209 745 1260 quae
784 1191 906 1244 ideo
938 1191 1158 1260 longius
1189 1191 1371 1260 posita
1396 1194 1498 1256 est,
1539 1194 1602 1244 ut
1625 1191 1768 1244 vale-

72 1264 408 1318 tudinarium
433 1265 676 1334 quietum
712 1283 828 1318 esse
853 1265 1349 1318 convalescentibus
1373 1268 1573 1334 posset.
1626 1263 1768 1326 Quo-

73 1356 196 1391 rum
248 1338 514 1407 pedatura
553 1338 561 1407 Ι
603 1339 662 1391 in
713 1339 956 1408 singulas
1011 1339 1215 1407 species
1271 1338 1338 1391 ad
1383 1338 1631 1391 homines
1681 1336 1937 1408 CG128a,

75 1412 215 1465 solet
253 1412 569 1480 computari.
1793 1425 1838 1457 16

222 1485 272 1539 5.
335 1485 621 1539 Vexillarii
666 1486 945 1555 legionum
994 1485 1216 1538 eandem
1262 1485 1584 1554 pedaturam
1633 1486 1769 1539 acci·

73 1577 201 1628 pere
241 1558 454 1628 debent,
494 1578 656 1629 quam
696 1559 890 1613 cohors
929 1559 1242 1629 legionaria,
1283 1560 1410 1628 quia
1449 1559 1515 1612 ad
1555 1577 1773 1612 sexcen-

0 1634 1 1646 ³
72 1636 229 1686 tenos
267 1632 514 1685 homines
561 1636 959 1702 computantur.
1036 1631 1214 1686 Causa
1259 1632 1771 1702 impedimentorum

73 1706 293 1759 tendere
332 1706 529 1759 debent
566 1706 624 1759 in
662 1710 1008 1775 praetentura
1046 1707 1130 1758 vel
1170 1707 1341 1759 latere
1383 1706 1670 1775 praetorii,
1707 1710 1770 1759 ut
1793 1718 1842 1751 2⁰

75 1780 339 1848 dixeram,
379 1798 539 1848 super
577 1780 822 1834 cohortes
869 1780 1091 1849 primaS.
1167 1780 1254 1832 Ad
1300 1780 1526 1848 vallum,
1567 1780 1614 1833 si
1652 1781 1771 1833 fieri

74 1855 273 1923 potest,
310 1853 432 1906 ideo
472 1854 691 1907 tendere
728 1872 840 1907 non
878 1854 1095 1922 debent,
1146 1853 1289 1923 quod
1329 1853 1543 1922 legatus
1583 1871 1772 1907 eorum

74 1927 281 1996 pariter
310 1945 420 1980 non
459 1927 533 1980 sit
571 1931 649 1996 et,
702 1928 750 1980 si
797 1946 924 1981 casu
963 1928 1031 1980 ab
1070 1927 1227 1999 hoste
1266 1926 1467 1980 vallum
1505 1928 1772 1996 interrup-

75 2004 194 2054 tum
233 2000 411 2068 fuerit,
449 2001 595 2070 legio
635 2004 691 2054 et
726 2002 938 2071 legatus
972 2019 1157 2054 eorum
1193 2019 1289 2069 per
1318 2001 1631 2054 vexillarios
1662 2001 1771 2054 fac·

75 2077 194 2126 tum
233 2092 347 2127 esse
387 2074 684 2128 contendet.
1794 2086 1840 2119 2⁵

227 2148 276 2200 6.
338 2145 602 2202 Cohortes
656 2148 964 2217 praetoriae
1028 2147 1290 2201 lateribus
1343 2147 1604 2216 praetorii
1656 2150 1773 2200 ten-

82 2298 104 2336 1
131 2291 215 2335 alii
247 2306 360 2338 corr.
395 2292 485 2338 sch
605 2298 631 2338 3
664 2293 772 2336 leva
811 2293 942 2336 extra
974 2292 1211 2336 cohortem
1243 2289 1476 2335 contrario
1508 2290 1676 2334 tendat

78 2355 107 2394 4
131 2350 424 2395 oumuinatus
509 2350 696 2420 5.viae·
751 2357 775 2396 7
803 2365 942 2409 supra
1032 2349 1365 2395 valetutinaria
1453 2354 1479 2394 8
1497 2348 1777 2394 vexillarive

79 2453 244 2498 cohors
293 2454 497 2498 sedunde
618 2421 770 2498 etmres
856 2459 881 2499 9
905 2454 1012 2497 loca
1097 2459 1152 2498 10
1178 2452 1312 2497 cohrs
1343 2451 1629 2509 legionariae
1662 2452 1777 2496 dare

78 2525 192 2558 corr.
211 2513 255 2556 L
334 2518 386 2557 11
412 2512 824 2558 valletudinarium
901 2518 954 2557 12
979 2512 1175 2556 tendens
1241 2517 1295 2558 13
1319 2510 1714 2556 baletudinarium

82 2618 136 2657 15
160 2614 436 2670 pedaturam
525 2614 739 2659 homines
773 2617 821 2660 et
860 2629 973 2661 corr.
994 2615 1083 2662 Sch
1206 2620 1259 2660 17
1284 2613 1512 2659 Vexillari
1611 2581 1775 2658 eafdem

163 2686 386 2731 accepere
494 2679 548 2719 18
574 2673 701 2730 quod
733 2674 898 2719 cohors
931 2689 1045 2720 corr.
1062 2674 1201 2719 Salm.
1301 2686 1420 2730 quae
1452 2673 1512 2717 ad
1544 2678 1774 2717 sescente-

80 2745 178 2776 nos.
273 2737 327 2776 19
353 2734 667 2791 conputantur
696 2793 703 2801 ⁸
778 2733 1204 2791 inpedimentorum
1323 2738 1378 2776 21
1399 2731 1625 2789 utprimas
1658 2745 1776 2777 corr.

81 2833 170 2878 Sch
258 2833 437 2879 ballum
555 2841 612 2881 23
646 2802 837 2880 etlcasfi.
937 2835 1116 2880 ballum
1145 2835 1433 2892 interruptor
1525 2840 1581 2879 26
1608 2834 1777 2878 cohors

81 2905 196 2938 corr.
230 2892 319 2937 Sch
445 2894 691 2951 praetoriis
