2032 3192
179 184 249 235 10
840 183 1197 229 PRAEFATIO.

177 319 298 371 vide
337 319 486 370 illius
525 318 891 371 temeritatem
931 317 1336 388 ‘Subactarius'7
1383 339 1519 388 quae
1558 339 1663 373 vox
1702 323 1866 375 semel

176 395 391 444 tantum
430 392 487 443 in
525 392 877 460 inscriptione
917 393 1057 460 apud
1098 392 1308 446 Gruter.
1349 394 1471 462 648,
1508 395 1539 447 8
1580 395 1868 464 invenitur,

178 483 282 534 quo
324 483 389 517 ex
425 466 561 534 locO,
608 465 734 534 quid
775 466 1182 535 significaverit,
1233 466 1454 519 minime
1501 469 1735 536 perspici
1773 487 1866 537 po-

176 542 301 606 test,
351 539 608 591 audacter
645 540 701 590 in
741 542 951 591 textum
990 540 1209 609 recepit.
1285 538 1423 592 Mihi
1463 541 1675 610 quidem
1716 542 1866 595 locus

175 612 497 665 insanabilis
551 611 856 678 videbatur,
917 612 1086 666 donec
1139 614 1196 666 in
1244 612 1476 683 Vegetio
1531 615 1588 666 in
1642 616 1867 668 verbum

175 687 615 753 supernumerarii
670 687 884 755 saepius
938 687 1230 756 repetitum
1275 687 1495 739 incurri.
1571 687 1866 758 Quinquies

174 760 269 812 illo
309 759 571 829 Vegetius
610 761 803 813 utitur:
855 759 963 828 III,
1004 761 1070 814 18
1111 761 1210 813 bis.
1264 760 1369 829 III,
1409 761 1481 813 20
1519 761 1619 814 bis.
1671 762 1748 830 II,
1783 763 1868 831 19,

175 851 333 902 quem
365 834 543 886 locum
576 834 899 886 exscribam:
943 833 1172 887 ‘accensi
1209 834 1314 886 hoc
1349 837 1433 885 est
1461 837 1652 902 postea
1685 836 1867 906 additi,

176 925 336 975 quam
375 907 570 960 fuisset
608 907 753 976 legio
788 908 1081 976 completa,
1121 926 1254 976 quos
1286 926 1427 960 nunc
1461 926 1868 976 supernumera-

174 981 283 1033 rios
323 979 554 1033 vocant'.
632 980 921 1050 Confiteor,
959 982 1191 1034 multum
1229 981 1288 1033 in
1319 980 1539 1050 Vegetii
1578 983 1758 1035 verbis
1800 984 1866 1035 ad

173 1054 620 1122 perspicuitatem
659 1054 975 1123 desiderari,
1013 1055 1107 1107 sed
1145 1073 1302 1107 nemo
1337 1072 1447 1106 non
1478 1055 1646 1123 videt,
1685 1075 1868 1124 super-

173 1128 509 1180 numerarios
555 1130 766 1197 partem
807 1129 1076 1197 quandam
1120 1128 1339 1180 illorum
1377 1131 1686 1196 temporum
1726 1148 1869 1183 exer-

177 1202 315 1254 citus
355 1202 537 1254 fuisse.
614 1202 688 1255 Et
725 1201 978 1272 Hyginus
1025 1220 1137 1255 non
1182 1203 1263 1254 ita
1306 1202 1539 1254 multum
1581 1221 1612 1255 a
1650 1202 1868 1273 Vegetii

174 1277 351 1327 aetate
406 1275 575 1328 distat
628 1275 693 1328 cf.
739 1294 790 1343 p.
838 1276 886 1328 3.
984 1275 1269 1328 Eiusmodi
1313 1275 1613 1340 notionem,
1689 1277 1867 1345 qualis

172 1349 335 1401 verbo
374 1351 814 1416 supernumerarii
850 1350 1008 1418 inest,
1045 1367 1154 1402 non
1194 1349 1425 1401 alienam
1466 1367 1581 1401 esse
1622 1368 1653 1402 a
1690 1351 1868 1404 tribus

172 1421 383 1491 Hygini
421 1423 582 1490 lociS,
629 1441 762 1491 quos
804 1441 967 1491 supra
1014 1422 1345 1490 enumeravi,
1398 1423 1655 1475 concedes
1693 1442 1867 1493 neque

172 1495 454 1548 Arceriani
506 1496 722 1549 litterae
768 1497 932 1549 nimis
978 1498 1301 1564 repugnant.
1376 1495 1482 1548 Pro
1521 1501 1581 1548 ut
1617 1495 1714 1567 (A)
1755 1516 1867 1550 cor-

172 1570 289 1621 rexi
325 1570 415 1622 ubi
452 1574 520 1638 et,
561 1570 703 1639 quod
734 1569 948 1622 facilius
979 1570 1264 1623 videbatur
1295 1587 1456 1637 quam
1487 1569 1685 1623 inicere
1716 1587 1868 1638 super

175 1640 425 1713 (Lange),
464 1647 747 1711 praeterea
785 1644 928 1696 idem
961 1643 1203 1710 efficitur,
1243 1661 1409 1711 quum
1442 1643 1690 1696 cohortes
1723 1645 1867 1713 equi-

171 1718 318 1769 tatae
375 1720 429 1768 et
485 1717 759 1785 peditatae
814 1717 882 1770 ad
935 1717 1083 1770 viam
1137 1716 1455 1785 quintanam
1510 1714 1751 1784 spe‘ctent
1812 1721 1867 1770 et

173 1791 656 1858 supernumerariis
703 1791 1065 1859 gentibusque
1110 1789 1247 1842 nihil
1285 1789 1621 1857 relinquatur
1659 1791 1766 1843 nisi
1805 1795 1866 1844 ut

173 1863 240 1916 ad
279 1863 421 1915 viam
461 1864 768 1930 sagularem
808 1867 1064 1932 spectent.

324 1956 367 1989 c.
399 1937 486 1990 20.
554 1937 766 1991 Sclzolae
822 1937 1104 1991 cohortium
1146 1937 1447 2005 principii&
1508 1937 1597 1990 ubi
1649 1955 1866 1991 munera

173 2011 427 2078 Zeyionum
464 2011 718 2081 dicuutur,
756 2013 815 2064 iri
852 2029 1059 2064 scamno
1099 2011 1378 2078 lecatorum
1421 2015 1596 2063 contra
1633 2013 1866 2079 aquilam

172 2085 292 2136 dari
329 2084 530 2151 deberit]
570 2083 635 2136 In
673 2085 725 2137 A
763 2085 963 2154 legitur
997 2085 1195 2137 scholae
1232 2084 1448 2136 cohortis
1474 2086 1683 2154 primis,
1723 2086 1866 2155 quod

172 2157 359 2227 Lange
398 2158 479 2210 ita
518 2158 826 2212 emendavit
862 2158 1058 2211 scholae
1103 2157 1386 2211 cohortibus
1415 2159 1620 2223 primis.
1699 2157 1864 2211 Cuius

174 2232 462 2300 explicatio
502 2251 554 2301 p.
591 2233 695 2285 170
735 2232 898 2301 digna
937 2235 1034 2299 est,
1073 2249 1208 2300 quae
1239 2230 1473 2299 legatur:
1516 2230 1748 2284 ‘dativus
1782 2250 1865 2284 co-

171 2304 422 2358 hortibus
454 2305 644 2373 primis
676 2306 874 2374 pendet
906 2325 937 2358 a
968 2306 1186 2358 notione
1211 2303 1529 2372 contrariae,
1562 2323 1697 2373 quae
1721 2307 1865 2359 inest

172 2379 229 2430 in
274 2378 454 2430 verbis
508 2382 700 2432 contra
754 2378 1026 2447 aquilam'.
1122 2377 1251 2431 Non
1294 2378 1463 2446 igitur
1510 2379 1681 2431 sensit
1729 2398 1776 2432 v.
1817 2380 1866 2433 d.

171 2451 272 2504 tali
312 2451 669 2519 explicatione
707 2453 986 2506 notionem
1011 2450 1351 2505 ‘contrariae'
1391 2451 1475 2503 bis
1515 2456 1701 2504 nostro
1742 2453 1862 2505 loco

171 2524 457 2593 vindicari,
506 2525 741 2593 primum
787 2526 965 2578 verbis
1014 2525 1344 2579 ecohortibus
1390 2524 1616 2592 primis',
1676 2525 1863 2578 deinde

174 2596 382 2650 ‘contra
429 2598 704 2667 aquilam'.
786 2598 1011 2652 Maioris
1062 2598 1325 2651 momenti
1379 2600 1482 2666 est,
1538 2597 1679 2665 quod
1727 2617 1863 2667 quae

170 2671 357 2740 Lange
395 2673 661 2740 postulat,
706 2672 822 2740 ipse
860 2691 970 2724 non
1007 2674 1189 2739 potest
1230 2671 1453 2723 efficere.
1528 2669 1645 2723 Iam
1683 2671 1740 2723 in
1780 2690 1862 2724 ca-

174 2745 301 2797 stris
334 2746 501 2797 trium
531 2745 809 2814 legionum
838 2763 947 2798 non
978 2748 1162 2813 potest
1189 2745 1321 2812 fieri,
1358 2746 1420 2795 ut
1452 2743 1668 2796 scholae
1702 2746 1863 2797 simul

172 2819 363 2886 primis
404 2818 717 2871 cohortibus
758 2819 1059 2871 contrariae
1106 2822 1159 2870 et
1202 2819 1260 2870 in
1299 2835 1518 2870 scamno
1558 2818 1862 2887 legatorum

174 2892 307 2959 sint,
362 2911 490 2945 nam
538 2893 732 2945 tertiae
785 2892 1015 2960 legionis
1067 2891 1242 2960 prima
1289 2890 1481 2943 cohors
1534 2891 1601 2943 ad
1647 2895 1862 2960 portam
