2032 3192
830 181 1193 233 PRAEFATIO.
1823 182 1855 233 9

167 338 406 390 unquam
429 317 682 389 Hyginus
721 318 800 370 ita
830 317 1127 386 usurpavit,
1164 319 1226 369 ut
1248 315 1433 386 Lange
1471 316 1667 386 posuit.
1730 316 1859 370 Gra-

169 396 289 448 vius
329 393 555 461 videtur,
595 392 738 461 quod
769 396 928 459 prout
962 391 1019 443 in
1055 393 1211 443 textu
1243 409 1275 442 a
1311 389 1521 459 Langio
1562 391 1858 444 constituto

167 467 308 520 nihil
347 466 494 519 aliud
532 465 803 535 significat
838 465 946 518 nisi
983 469 1054 529 ut,
1092 464 1429 517 desideratur
1460 467 1641 516 autem
1670 468 1859 518 nostro

167 542 290 594 loco
330 539 594 593 eiusmodi
630 539 807 592 notio:
859 538 1169 592 decuriones
1210 542 1310 591 etc.
1355 541 1442 590 tot
1485 538 1673 607 habet,
1729 542 1860 606 quot

168 618 392 668 turmas.
454 613 572 676 Qua
611 631 676 665 ex
715 630 875 665 causa
907 612 1097 681 scripsi
1126 612 1315 678 reliqui
1345 615 1400 663 et
1430 629 1684 666 numerus.
1740 612 1859 665 Iam

168 706 303 757 opus
340 687 449 740 fuit
486 686 765 756 sequentia
804 689 897 739 aut
936 686 1204 755 corrigere
1241 687 1357 752 equi
1393 690 1454 738 ut
1491 689 1608 755 aut,
1656 690 1719 739 ut
1758 703 1859 755 ego

164 761 294 830 feci⁷
341 762 684 829 interponere
730 760 901 824 alunt,
951 759 1094 828 quod
1140 759 1298 812 facile
1345 762 1469 812 ante
1514 763 1575 813 ut
1619 760 1860 812 excidere

167 835 348 904 potuit
387 838 442 888 et
479 836 590 887 iam
629 834 903 903 superiore
941 833 1061 886 1000
1103 833 1348 887 occurrit.

318 941 360 976 c.
395 923 478 975 17.
533 921 637 975 Per
673 923 820 975 cuius
855 922 1077 989 riyorem
1106 926 1322 989 utraque
1341 926 1508 991 parte,
1547 938 1660 974 eum
1692 922 1862 974 maior

165 997 414 1050 exereitus
451 999 525 1048 est
558 995 649 1049 hoe
684 1003 756 1048 est
793 997 1014 1063 quinque
1060 996 1275 1063 legiones
1321 1000 1368 1048 et
1403 1013 1587 1064 supra,
1640 995 1862 1048 cohortes

166 1070 478 1138 leyionariae
529 1069 650 1122 dari
699 1070 887 1136 solent]
951 1068 1122 1122 Miror
1181 1068 1375 1138 Langii
1432 1069 1705 1134 fiduciam,
1768 1070 1861 1138 qui

166 1161 219 1213 p.
254 1143 360 1196 164
400 1142 527 1195 ‘non
566 1143 801 1211 dubitat,
849 1143 979 1212 quin
1024 1143 1190 1196 verba
1236 1143 1304 1195 ad
1351 1143 1678 1196 sententiam
1716 1146 1862 1196 recte

167 1215 630 1282 accommodarit',
685 1234 1014 1286 quamquam
1059 1215 1282 1285 Hygino
1330 1220 1513 1285 aperte
1567 1217 1861 1285 pessimam

165 1291 278 1343 vim
330 1290 528 1342 intulit.
602 1287 838 1342 Inseruit
890 1290 1032 1342 enim
1093 1293 1220 1361 post
1273 1289 1528 1359 ‘quinque
1582 1290 1862 1359 legiones',

168 1363 437 1417 ‘cohortes
478 1364 697 1432 quintae
745 1363 978 1432 legionis
1032 1367 1095 1416 ut
1142 1382 1307 1432 supra
1355 1364 1511 1430 [haec
1550 1364 1653 1416 duo
1694 1364 1862 1416 verba

166 1455 264 1506 pro
304 1442 352 1490 et
378 1454 540 1504 supra
570 1437 876 1503 Arceriani]
918 1437 976 1489 in
1014 1440 1362 1505 praetentura
1392 1437 1590 1490 tertiae
1623 1440 1676 1490 et
1708 1456 1863 1506 quar-

165 1510 290 1564 tae'.
351 1510 525 1563 Multo
566 1510 776 1563 cautius
819 1511 930 1580 egit
962 1509 1166 1576 Schele,
1208 1512 1301 1579 qui
1326 1509 1582 1580 ‘quinque
1620 1512 1860 1581 legiones

169 1588 224 1637 et
265 1602 443 1653 supra,
481 1584 740 1652 pedatura
779 1584 990 1637 cohorti
1027 1585 1235 1653 primae
1275 1584 1392 1637 dari
1425 1583 1580 1638 solet'
1613 1586 1860 1637 correxit.

170 1657 265 1710 ‘Et
304 1656 487 1728 supra'
526 1658 703 1726 recepi
749 1657 1063 1710 recordatus
1120 1658 1314 1727 capitis
1361 1659 1418 1726 4,
1471 1658 1566 1710 ubi
1619 1658 1860 1711 invenies

168 1730 437 1800 ‘quotiens
493 1734 674 1783 autem
729 1731 967 1799 quinque
1027 1732 1112 1783 vel
1166 1750 1258 1784 sex
1313 1732 1554 1801 legiones
1610 1736 1861 1800 acceptae

165 1803 404 1873 fuerint'‚
436 1804 528 1857 sed
559 1805 774 1874 longius
802 1803 1075 1857 Schelium
1109 1805 1260 1874 sequi
1289 1823 1400 1858 non
1425 1805 1673 1858 sustinui.
1718 1804 1861 1858 Nam

168 1881 391 1948 propter
428 1878 608 1946 verba,
656 1896 791 1946 quae
841 1881 969 1930 sunt
1007 1877 1123 1947 ‘per
1169 1879 1317 1931 cuius
1362 1879 1602 1948 rigorem
1647 1883 1862 1946 utraque

169 1951 343 2020 parte'
390 1970 502 2004 non
540 1951 725 2004 debuit
765 1950 955 2004 Schele
1001 1952 1065 2004 de
1114 1952 1337 2006 cohorte
1382 1953 1559 2022 prima
1605 1953 1861 2022 cogitare.

167 2025 292 2078 Mea
331 2026 594 2078 correctio
634 2028 856 2093 rectum,
895 2025 1100 2094 opinor,
1144 2043 1359 2078 sensum
1400 2026 1634 2095 exhibet,
1675 2027 1862 2079 cohor-

166 2102 252 2151 tes
299 2099 631 2167 legionariae
677 2098 784 2151 nisi
827 2099 1151 2152 necessitate
1197 2103 1424 2168 cogente
1471 2118 1581 2153 non
1633 2103 1758 2152 sunt
1805 2101 1863 2152 in

167 2174 458 2225 retentura.
535 2171 687 2234 Quod
728 2172 795 2225 ad
841 2173 1149 2225 litterarum
1196 2174 1605 2226 similitudinem
1652 2174 1862 2241 attinet,

170 2246 432 2316 gaudebO,
472 2246 519 2298 si
559 2246 678 2315 quis
715 2246 1077 2299 coniecturam
1110 2247 1373 2317 attulerit,
1413 2265 1551 2316 quae
1583 2265 1703 2300 mea
1733 2247 1862 2300 faci-

169 2319 326 2372 cilior
367 2319 659 2388 eademque
697 2320 912 2388 planior
951 2321 1036 2373 sit.

321 2425 363 2459 0.
398 2408 482 2459 19.
541 2408 631 2460 ubi
674 2413 724 2460 et
763 2408 1203 2476 supernumerarii
1250 2412 1299 2460 et
1341 2408 1566 2475 reliquae
1604 2409 1858 2475 nationes]

169 2479 235 2532 In
279 2479 330 2532 A
378 2483 462 2532 est
515 2484 564 2533 et
604 2486 1082 2547 szwersumaetares.
1180 2480 1274 2534 Bis
1336 2485 1553 2550 praeter
1613 2485 1892 2537 nostrum,

170 2553 350 2607 locum
382 2554 567 2607 eadem
597 2553 710 2607 fere
741 2555 888 2608 vocis
920 2555 1096 2607 forma
1127 2555 1184 2607 in
1206 2552 1416 2624 Hygini
1456 2556 1596 2608 libro
1630 2556 1862 2608 occurrit

171 2644 214 2678 0.
246 2628 316 2680 29
358 2631 411 2680 et
449 2628 536 2680 43.
611 2626 695 2679 Ex
735 2646 776 2680 0.
807 2629 876 2681 29
918 2627 985 2680 ‘si
1024 2628 1152 2698 quid
1192 2628 1339 2681 aliud
1378 2629 1563 2682 datum
1602 2629 1767 2682 fuerit
1805 2629 1862 2681 in

896 2709 1003 2734 orum

173 2744 410 2797 exercitu
443 2762 708 2798 summam
745 2745 1064 2799 clarifieum'
1098 2744 1200 2816 (ita
1230 2743 1304 2815 A)
1341 2749 1582 2814 apparet,
1619 2763 1730 2799 non
1767 2764 1860 2798 no·

173 2835 299 2870 men
337 2819 614 2886 proprium
653 2820 830 2888 gentis
872 2823 1049 2872 certae
1090 2819 1388 2887 cuiusdam,
1428 2820 1521 2872 sed
1561 2835 1728 2888 genus
1771 2838 1861 2887 ap-

174 2890 495 2958 pellativum
533 2893 749 2961 requiri.
825 2893 1066 2947 Eatenus
1106 2891 1228 2946 cum
1267 2893 1474 2961 Langio
1521 2893 1678 2945 facio,
1757 2890 1861 2945 Sed
