2032 3192
832 152 1192 199 PRAEFATIO.
1825 156 1861 208 5

169 291 412 360 proxime
451 288 520 342 ab
561 288 730 341 altera
770 288 1113 356 exprimatur.
1167 287 1358 357 Itaque
1390 307 1547 341 ausus
1582 308 1701 343 sum
1734 291 1861 343 scri-

174 367 299 418 bere
337 363 605 428 coniuncti,
643 379 747 431 quo
787 362 954 415 verbo
992 379 1213 430 prorsus
1247 363 1412 415 simili
1443 363 1651 416 ratione
1690 364 1862 416 utitur

170 437 420 507 Hyginus
469 454 510 489 c.
550 436 620 488 39
668 434 757 488 ead
795 453 951 488 suum
997 435 1223 505 quisque
1276 454 1561 490 numerum
1606 438 1864 491 coniuncti

169 512 461 565 convenient
510 513 563 563 et
602 527 644 562 c.
676 509 764 562 49.
840 508 1080 562 Litterae
1127 511 1310 562 autem
1349 510 1406 563 in
1443 511 1735 564 Arceriano
1779 530 1864 564 ex·

171 587 380 638 stantes
440 601 551 637 non
610 582 918 652 infringunt
978 600 1156 636 meam
1217 584 1618 638 correctionem.
1708 583 1863 638 Duae

170 659 378 728 priores
418 657 658 726 syllabae
695 657 882 709 coniun
913 657 1155 725 proxime
1187 658 1445 710 accedunt
1477 658 1544 710 ad
1582 658 1717 711 illud
1748 675 1863 712 cum

170 749 286 799 con,
342 735 396 784 et
432 747 565 798 prae
611 748 675 782 ex
714 731 782 783 cti
826 729 957 783 oriri
1002 731 1244 799 potuisse
1290 732 1551 800 probabo.
1627 732 1862 801 Praepo-

173 806 425 858 sitionem
454 821 587 872 prae
617 803 930 872 saepissime
962 804 1020 857 in
1050 804 1323 858 codicibus
1355 824 1451 874 per
1486 806 1864 875 compendium

174 880 434 947 scriptam
479 878 741 945 invenies;
795 896 838 931 e.
878 895 928 947 g.
966 878 1023 930 in
1062 878 1174 931 cod.
1216 878 1458 932 Gudiano
1497 879 1863 933 bibliothecae

173 952 624 1021 Guelferbytanae
667 950 772 1004 105
812 952 869 1004 in
906 951 1046 1004 libro
1085 951 1292 1022 Hygini
1332 952 1396 1005 de
1435 953 1700 1006 limitibus
1741 971 1863 1006 con-

173 1026 462 1079 stituendis
494 1026 756 1094 scriptum
788 1028 871 1078 est
895 1023 970 1095 (p.
993 1026 1098 1078 170
1121 1025 1436 1079 Lachmann
1467 1027 1865 1097 agrimensores

171 1098 406 1170 romani)
438 1099 719 1166 confitendi
750 1117 848 1168 pro
881 1099 1264 1167 conpraehendi,
1297 1100 1438 1170 quod
1461 1100 1777 1154 Lachmann
1806 1101 1866 1153 in

172 1174 435 1227 varietate
476 1172 771 1226 lectionum
811 1173 1011 1241 omisit,
1048 1190 1149 1242 ego
1187 1175 1367 1227 autein
1407 1174 1620 1227 affirmo
1659 1175 1740 1227 ita
1779 1193 1865 1227 ex-

172 1251 333 1316 stare,
371 1247 462 1316 qui
499 1247 642 1315 ipse
640 1246 897 1298 Nviderim
984 1246 1152 1300 Porro
1191 1248 1246 1300 in
1287 1247 1401 1300 cod.
1442 1246 1483 1300 C
1525 1248 1652 1300 libri
1690 1249 1866 1301 nostri

174 1322 258 1375 ‘de
305 1320 697 1374 munitionibus
746 1319 1074 1373 castrorum'
1123 1338 1167 1374 c.
1205 1321 1275 1373 23
1316 1322 1612 1389 p'torifin'ae
1657 1319 1865 1392 (Lange

172 1393 302 1465 om.)
344 1395 606 1463 scriptum
646 1396 740 1446 est.
820 1393 937 1447 Iam
978 1395 1223 1463 suspicor
1260 1395 1546 1448 librarium
1584 1394 1868 1448 Arceriani

164 1470 227 1537 p!-
263 1486 362 1537 pro
403 1468 615 1537 syllaba
653 1468 721 1520 cti
758 1467 979 1537 legisse,
1026 1486 1189 1537 quam
1227 1469 1283 1520 in
1322 1469 1620 1538 archetypo
1660 1469 1867 1522 invenit

173 1547 229 1596 et
267 1541 645 1611 compendium
683 1541 815 1593 satis
854 1544 1046 1595 notum
1085 1542 1142 1594 in
1171 1559 1304 1610 prae
1342 1542 1584 1595 solvisse.

321 1617 393 1669 acl
425 1616 638 1683 plenam
685 1615 927 1682 leyionein
972 1620 1046 1669 est
1089 1620 1393 1684 computata.
1409 1613 1439 1644 ²¹⁸
1490 1633 1552 1669 em
1590 1616 1772 1683 quibus
1808 1617 1868 1670 in

171 1690 366 1758 viyiliis
402 1689 643 1742 nonnulli
680 1691 860 1756 erunt]
924 1687 1109 1758 Lange
1147 1708 1199 1757 p.
1241 1690 1347 1742 110
1393 1690 1671 1743 inventum
1712 1709 1868 1743 suum

173 1765 233 1816 in
263 1763 455 1832 viyiliis
479 1762 628 1816 XVI
655 1767 806 1816 erunt
840 1763 1046 1815 frustra
1077 1762 1328 1815 defendit.
1379 1761 1729 1832 Computavit
1768 1764 1866 1817 ita:

175 1837 456 1906 octoginta
496 1836 761 1889 militibus
809 1839 1024 1888 constat
1064 1837 1327 1905 centuria,
1384 1837 1477 1890 sed
1525 1837 1699 1890 tendit
1746 1840 1866 1890 octo

174 1913 390 1964 tantum
427 1910 747 1978 papilioneS‚
795 1928 1023 1978 quorum
1061 1929 1197 1962 unus
1239 1911 1465 1979 quisque
1507 1913 1627 1963 octo
1667 1911 1868 1964 milites

174 1985 337 2053 tegit;
369 2001 496 2053 ergo
529 1982 660 2035 XVI
699 1983 901 2035 milites
933 1983 1132 2052 reliqui
1163 1984 1219 2037 in
1251 1985 1488 2037 excubiis
1523 1987 1693 2037 erunt.
1741 1984 1867 2037 Per-

176 2059 363 2126 spicua
402 2061 484 2110 est
521 2057 624 2110 viri
663 2057 945 2109 temeritas
979 2059 1032 2109 et
1063 2057 1383 2110 militarium
1421 2075 1602 2110 rerum
1634 2058 1869 2110 inscitia.

179 2131 310 2193 Quis
353 2131 495 2183 enim
536 2130 783 2199 quintam
828 2134 1040 2199 partem
1081 2132 1352 2184 centuriae
1392 2131 1450 2184 in
1486 2131 1703 2200 vigilias
1744 2131 1869 2183 mit-

175 2205 295 2258 tat‘?
358 2203 561 2257 Tamen
606 2207 794 2257 nostro
848 2204 967 2257 loco
1023 2205 1322 2274 simplicem
1369 2205 1681 2274 vigiliarum
1729 2205 1870 2257 ordi-

176 2296 302 2331 nem
340 2278 532 2331 habes:
572 2278 698 2346 quid
737 2278 846 2347 fiet,
885 2295 1006 2330 cum
1044 2278 1340 2347 imperator
1379 2296 1443 2331 ex
1474 2277 1681 2348 Hygini
1718 2296 1870 2346 prae·

179 2355 334 2419 cepto
375 2369 418 2404 c.
442 2350 559 2404 52
566 2369 837 2404 armorum
870 2351 1148 2404 ordinibus
1171 2351 1283 2404 ΠΙΙ
1313 2355 1492 2405 castra
1523 2351 1831 2404 muniverit'
1842 2351 1870 2404 ‘P

179 2423 382 2492 Scripsi
427 2425 668 2478 nonnulli
719 2443 818 2493 pro
874 2425 1115 2478 codicum
1159 2426 1400 2495 sinynZis,
1462 2425 1603 2494 quod
1655 2425 1869 2477 infinito

179 2499 496 2567 pronomine
549 2499 814 2550 numerali
843 2493 1023 2552 nobis
1080 2517 1214 2567 opus
1273 2502 1374 2568 est,
1434 2517 1563 2551 nam
1608 2498 1672 2551 de
1720 2501 1878 2551 certo—

179 2589 402 2625 numero
449 2571 683 2624 militum
730 2590 756 2623 e
797 2572 1038 2625 centuria
1085 2572 1154 2624 ad
1200 2541 1450 2625 excubias
1497 2572 1869 2641 delegatorum

180 2645 319 2698 nihil
350 2645 507 2698 nobis
540 2647 767 2712 constat,
790 2648 1072 2713 praeterea
1101 2647 1341 2699 nonnulli
1371 2646 1677 2699 litterarum
1708 2645 1871 2698 ductu

181 2718 600 2772 commendatur.
631 2748 704 2756 —
733 2718 851 2771 Iam
890 2719 1056 2788 videS‚
1096 2737 1189 2772 cur
1212 2718 1395 2789 Lange
1426 2721 1498 2772 acl
1517 2720 1729 2786 plenam
1760 2735 1870 2772 cen-

182 2793 376 2844 turiam
415 2792 716 2846 coniecerit.
793 2791 931 2845 Toto
971 2793 1147 2861 capite
1197 2792 1260 2844 de
1301 2793 1543 2846 centuria
1591 2793 1680 2862 agi
1718 2796 1872 2860 puta-

182 2865 290 2918 bat.
345 2862 447 2917 Sed
478 2865 635 2935 falso,
673 2884 799 2919 nam
837 2865 899 2918 de
933 2866 1104 2936 striga
1136 2866 1367 2935 scriptor
1400 2866 1661 2935 exposuit,
1699 2866 1872 2934 prius-
