2032 3192
152 146 186 198 6
814 145 1173 192 PRAEFATIO.

152 300 314 350 quam
368 282 447 333 ita
492 284 742 349 pergeret
789 279 947 334 ‘haec
991 281 1252 349 pedatura
1297 281 1365 333 ad
1411 282 1628 350 plenam
1676 282 1840 351 legio-

149 354 309 419 nem',
350 355 523 424 striga
562 357 742 407 autem
780 355 1018 422 pertinet
1056 354 1124 407 ad
1163 355 1294 407 duas
1335 356 1617 409 centurias.
1686 354 1841 417 Quod

150 428 335 497 Lange
374 446 534 497 porro
556 427 823 499 xcredidit,
872 428 1088 496 plenam
1127 428 1398 497 legionem
1439 429 1695 498 explicari
1732 448 1842 482 non

149 520 325 571 posse,
365 502 589 555 erravit:
627 502 771 571 legio
805 501 1001 554 dicitur
1038 502 1214 570 plena,
1255 503 1404 555 cuius
1435 506 1618 571 partes
1649 503 1841 571 plenae

153 579 294 644 sunt,
331 575 387 627 id
428 578 512 628 est
548 575 750 628 iustum
788 593 1071 628 numerum
1109 575 1326 628 habent.
1397 575 1676 629 Sententia
1715 577 1842 629 scri-

149 650 319 718 ptoris
359 649 645 718 perspicua
684 652 787 702 est:
834 648 1096 718 pedatura
1134 649 1304 702 totius
1352 649 1584 720 legionis
1626 650 1691 702 ad
1730 650 1842 718 ple-

149 742 279 776 num
326 723 562 776 militum
606 741 887 775 numerum
939 725 1303 791 computatur,
1359 723 1451 776 sed
1496 742 1606 776 11011
1651 724 1842 792 plenus

153 800 259 862 est,
308 815 436 850 nam
475 814 573 866 pro
613 796 663 848 X
701 796 950 849 tentoriis
998 796 1269 850 centuriae
1317 800 1438 850 octo
1478 799 1691 850 tantum
1730 800 1843 850 ten-

151 871 298 923 dunt.
373 869 619 939 Apparet
671 873 799 938 post
853 874 1140 939 computata
1190 871 1440 923 lacunam
1496 889 1637 939 esse,
1693 871 1842 924 cuius

152 945 368 1014 signum
415 944 473 996 in
510 946 663 997 textu
710 944 882 1013 posui.
956 942 1202 1013 Denique
1248 945 1382 996 illud
1429 962 1644 1013 moneO,
1694 949 1743 998 et
1786 945 1844 997 in

149 1018 344 1071 verbis·
370 1022 417 1070 et
452 1035 557 1071 uon
584 1018 710 1085 plus
751 1017 1054 1087 significare
1092 1022 1139 1070 et
1174 1035 1230 1071 re
1265 1035 1400 1071 vera.

302 1109 343 1144 0.
379 1091 426 1143 2.
477 1092 732 1159 corporali
769 1096 829 1143 ut
864 1108 1012 1145 muro
1044 1093 1273 1157 teneant]
1314 1091 1377 1144 In
1410 1092 1522 1144 cod.
1547 1091 1844 1145 Arceriano

152 1168 235 1218 est
289 1166 346 1218 iu
391 1182 561 1229 muro,
618 1165 758 1234 quod
811 1164 941 1217 ferri
994 1183 1103 1219 non
1155 1183 1316 1234 posse
1370 1165 1637 1234 Langium
1685 1165 1843 1234 fugit.

150 1239 353 1291 Tamen
406 1239 518 1290 iam
572 1237 869 1292 Salmasius
924 1237 1015 1308 (ad
1062 1238 1279 1307 Vopisc.
1324 1237 1415 1308 14)
1471 1239 1705 1291 correxit
1758 1256 1845 1292 ceu

150 1330 314 1365 muro,
373 1311 494 1382 Ego
526 1317 587 1365 ut
613 1311 870 1381 praetuli,
910 1313 1163 1381 quoniam
1201 1312 1424 1381 propius
1465 1313 1532 1364 ad
1565 1311 1846 1365 Arceriani

149 1386 360 1439 litteras
402 1386 622 1439 accedit.

301 1460 456 1511 etiam
477 1460 606 1526 pede
635 1464 870 1512 manente
899 1461 977 1512 ita
1005 1460 1339 1525 mutabimus]
1381 1458 1432 1511 A
1466 1459 1685 1512 exhibet
1715 1464 1763 1512 et
1790 1462 1849 1513 id

140 1535 269 1600 pede
300 1535 532 1586 manenti
562 1534 671 1585 iam
694 1534 1020 1598 mutavimus,
1052 1533 1221 1586 11101111
1250 1534 1407 1589 etiam
1439 1535 1493 1585 et
1522 1534 1613 1586 ita.
1659 1533 1846 1602 Lange

152 1607 390 1659 defendit
431 1605 631 1659 Schelii
669 1624 797 1676 eam,
838 1606 931 1659 sed
971 1625 1092 1659 cum
1125 1607 1191 1659 ad
1213 1607 1524 1673 pedaturam
1561 1610 1845 1675 protaseos

152 1680 354 1732 referat
394 1683 448 1733 et
476 1681 605 1748 pede
642 1699 739 1749 pro
779 1681 1043 1749 pedatura
1089 1680 1291 1732 dictum
1339 1698 1455 1733 esse
1492 1683 1638 1733 recte
1674 1683 1846 1749 putet,

155 1754 421 1807 eiusmodi
462 1754 789 1807 sententiam
836 1754 1033 1806 effecit:
1079 1753 1342 1822 pedatura
1387 1756 1639 1806 manente
1685 1754 1846 1822 peda-

153 1831 332 1880 turam
371 1827 719 1880 mutabimus,

301 1902 510 1969 quodsi]
553 1900 737 1970 Lange
769 1921 820 1970 p.
857 1900 962 1954 115
1010 1919 1066 1953 se
1107 1900 1483 1954 concinnitatis
1532 1919 1651 1953 cum
1692 1919 1845 1970 supe-

145 1975 293 2027 riore
335 1975 702 2027 enuntiatione
744 1974 1039 2027 servandae
1087 1993 1249 2028 causa
1295 1975 1498 2040 quaudo
1544 1975 1846 2027 restituisse

92 2055 99 2060 “
153 2049 305 2100 dixit.
384 2047 486 2101 Sed
526 2066 724 2116 quaeso
763 2048 1067 2116 proximum
1114 2048 1369 2116 inspicias
1419 2051 1600 2116 caput,
1650 2048 1728 2100 ibi
1767 2048 1844 2100 in-

152 2122 334 2174 venies
392 2121 577 2191 ‘igitur
622 2122 670 2175 si
715 2122 957 2192 legiones
1007 2163 1018 2175 .
1044 2161 1055 2173 .
1081 2121 1134 2190 .'‚
1187 2124 1304 2173 tum
1361 2120 1607 2188 ‘quotiens
1661 2124 1842 2174 autem

154 2196 389 2264 quinque
422 2195 664 2264 legiones
705 2238 716 2249 .
742 2237 753 2248 .
779 2194 839 2248 .':
877 2196 989 2248 iam
1021 2211 1312 2263 cognosces
1322 2237 1336 2263 ,
1375 2197 1635 2264 quantum
1666 2195 1847 2247 valeat

151 2270 208 2320 in
247 2271 432 2321 nostro
475 2269 735 2336 scriptore
774 2270 871 2321 illa
910 2269 1259 2322 concinnitas,

299 2343 436 2409 quod
474 2342 637 2407 fuerit
678 2344 863 2410 siquis,
915 2343 1141 2395 tabuliuo
1187 2343 1305 2410 erit,
1352 2358 1492 2394 uuuc
1536 2341 1847 2408 semistriyia

153 2416 488 2481 mutabimus]
541 2415 628 2467 Ab
667 2415 952 2469 Arceriani
999 2417 1268 2484 scriptura
1306 2418 1486 2467 textus
1534 2416 1612 2467 ita
1651 2414 1846 2467 consti-

153 2490 305 2541 tutus
345 2507 508 2557 quam
539 2489 759 2541 minime
791 2490 1006 2542 recedit.
1059 2485 1268 2557 Restat,
1301 2492 1362 2541 ut
1393 2507 1609 2541 sensum
1639 2491 1846 2540 rectum

154 2563 331 2614 inesse
383 2562 747 2615 emendationi
792 2581 943 2615 meae
993 2581 1272 2631 exponam.
1347 2560 1603 2630 Hyginus
1658 2563 1845 2614 nostro

154 2636 273 2688 loco
323 2636 402 2688 ita
449 2635 624 2688 docet:
681 2634 737 2688 Si
782 2636 1025 2706 legiones
1079 2636 1286 2704 plures,
1342 2635 1538 2687 auxilia
1592 2635 1846 2702 pauciora

156 2712 303 2774 sunt,
358 2708 605 2761 cohortes
658 2709 989 2778 legionariae
1036 2709 1272 2761 crebrius
1323 2708 1463 2760 circa
1501 2708 1704 2760 vallum
1750 2725 1845 2775 po-

153 2782 361 2835 nendae
402 2784 542 2835 sunt.
606 2781 724 2835 Hoc
763 2783 841 2835 ita
880 2784 962 2851 fit,
1001 2786 1062 2835 ut
1099 2782 1361 2850 pedatura
1394 2783 1751 2848 convertatur,
1790 2780 1845 2832 id

157 2859 239 2908 est
278 2859 338 2909 ut
377 2856 591 2925 longius
633 2856 1081 2926 semistrigiorum
1120 2857 1262 2908 latus
1302 2855 1418 2907 loco
1451 2854 1712 2908 brevioris
1751 2872 1844 2922 po-
