2026 3192
221 177 294 230 34
957 176 1177 221 HYGINI

370 311 458 364 44.
512 311 690 364 Erunt
735 311 917 380 itaque
963 312 1224 366 lateribus
1274 312 1521 366 cohortes
1559 312 1713 378 XVI,
1766 332 1918 383 prae-

223 386 446 439 tendent
494 388 548 438 et
592 385 875 438 retendent
915 389 1173 455 quattuor
1219 386 1392 455 milia,
1446 389 1500 439 et
1540 387 1783 456 singulae
1822 386 1918 439 LX

223 478 319 528 per
358 456 612 528 CCCLX3
661 459 872 528 reliqua
911 463 1169 528 quattuor
1207 460 1362 512 milia
1398 460 1541 512 intra
1578 461 1723 514 viam
1763 476 1920 530 sagu-

224 535 406 586 larem.

180 620 201 653 5
372 606 461 659 45.
512 605 577 658 In
616 609 877 675 quantum
924 608 1098 675 potui,
1146 607 1358 660 domine
1404 606 1598 676 frater,
1643 625 1740 676 pro
1787 608 1918 661 tiro-

225 681 366 733 cinio
406 698 526 733 meo
565 680 622 733 in
655 681 806 733 brevi
845 698 1031 733 omnes
1065 684 1310 734 auctores
1344 699 1463 733 sum
1494 684 1824 749 persecutUS,
1865 684 1919 733 et

225 754 482 824 quidquid
536 754 678 807 circa
724 756 1172 823 compositionem
1218 757 1518 807 castrorum
1571 754 1918 808 aestivalium

223 828 600 896 instituerunt,
639 828 699 880 in
736 827 839 882 hoc
877 828 1087 896 libello,
1125 829 1439 897 priusquam
1475 846 1726 881 numeros
1765 829 1921 881 insti-

223 905 456 970 tuerem,
512 903 611 955 sub
665 902 877 954 ratione
933 903 1115 955 omnia
1170 901 1454 955 declaravi.
1537 901 1812 970 Principia
1862 903 1920 955 in

159 989 203 1021 10
227 976 375 1029 omni
399 975 761 1044 inceptatione
786 975 1098 1029 metationis
1124 975 1404 1029 scribendo
1427 975 1609 1029 nullus
1644 979 1832 1029 auctor
1861 975 1919 1028 in

63 1065 146 1106 135
157 1059 204 1119 bl
225 1050 368 1103 hunc
392 1050 534 1102 diem
559 1049 809 1117 ostendit,
847 1051 1070 1118 propter
1103 1049 1111 1117 1
1146 1049 1286 1118 quod
1311 1067 1467 1117 spero
1501 1049 1921 1103 sollicitudinem

224 1126 468 1176 nostram
507 1123 668 1193 digne
706 1122 809 1176 tibi
847 1122 1192 1191 placituram.
1290 1123 1378 1175 46.
1415 1123 1780 1191 Exposuimus
1820 1124 1921 1176 ita-

227 1215 328 1267 que
369 1197 613 1266 singulas
648 1197 853 1265 species
887 1200 942 1248 et
971 1197 1282 1249 universum
1315 1196 1609 1250 exercitum
1643 1197 1751 1250 suis
1784 1197 1920 1250 locis

227 1272 629 1334 constituimUS‚
693 1270 1027 1323 ostendimus
1075 1270 1264 1338 etiam,
1318 1271 1366 1323 si
1410 1288 1690 1323 necessum
1740 1270 1921 1339 fuerit,

159 1357 203 1390 15
228 1345 348 1414 quis
387 1363 641 1398 numerus
690 1344 1014 1397 commutari
1063 1344 1272 1396 debeat.
1350 1343 1551 1406 Quodsi
1590 1345 1707 1397 alae
1746 1345 1804 1396 in
1841 1361 1920 1396 re·

226 1422 443 1472 tentura
479 1418 690 1487 positae
728 1418 932 1471 fuerint
977 1420 1033 1470 et
1071 1418 1279 1486 pedites
1326 1418 1383 1469 in
1420 1421 1771 1487 praetentura
1810 1418 1922 1470 sive

228 1493 477 1547 cohortes
511 1492 802 1560 equitatae,
825 1492 977 1544 nulla
1001 1491 1323 1544 necessitate
1348 1495 1587 1561 cogente,
1620 1492 1734 1544 sine
1759 1491 1920 1544 dubio

227 1566 512 1620 metatoris
550 1565 853 1634 imperitiae
902 1565 1116 1634 signum
1163 1563 1260 1617 est.
1335 1564 1480 1618 Illud
1519 1565 1680 1633 plane
1718 1565 1924 1634 poterit

229 1639 528 1710 observari,
582 1642 663 1707 ut,
726 1639 774 1691 si
828 1638 1076 1692 cohortes
1132 1639 1406 1708 equitatae
1460 1639 1518 1691 in
1571 1657 1633 1692 eo
1689 1638 1924 1692 exercitu

106 1753 113 1762 .
161 1726 205 1759 20
230 1714 378 1767 omni
415 1732 527 1766 11011
564 1713 788 1782 fuerint,
842 1730 1109 1781 ponamus
1157 1713 1273 1765 alas
1324 1713 1703 1782 quingenarias
1744 1712 1924 1764 lateri-

67 1798 211 1858 135b2
231 1788 333 1840 bus
374 1786 692 1856 quaestorii,
740 1790 802 1839 ut
835 1786 843 1852 l
876 1789 1152 1838 retentura
1190 1786 1491 1854 equitatum
1529 1785 1744 1838 habeat.
1836 1786 1925 1838 47.

227 1861 370 1916 Nam
403 1860 544 1930 quod
580 1860 646 1912 ad
681 1859 925 1929 legiones
959 1859 1250 1928 dispositas
1283 1863 1337 1913 et
1362 1859 1683 1912 divisionem
1708 1860 1766 1911 in
1788 1859 1922 1912 duos

227 1952 480 1988 numeros
505 1934 755 2002 pertinet,
773 1933 914 2002 quod
933 1937 987 1986 et
1010 1933 1202 2001 peritis
1228 1933 1679 2002 compositionum
1697 1932 1921 1985 difficul-

228 2011 372 2062 tates
413 2007 678 2077 ostendet,
717 2007 1034 2060 methodum
1073 2008 1383 2061 metationis
1417 2025 1449 2059 a
1480 2025 1565 2059 1116
1598 2006 1922 2076 exquisitam

233 2218 256 2256 1
291 2211 413 2256 erint
532 2210 699 2255 cohors
730 2208 839 2253 XVI
944 2215 970 2253 2
1003 2209 1313 2267 praetendens
1347 2223 1459 2254 corr.
1480 2209 1567 2254 Sch
1681 2207 1924 2264 sexaginta

230 2285 315 2329 per
347 2269 538 2314 CCCLX
695 2274 721 2312 3
752 2268 924 2324 reliqui
1067 2273 1093 2313 5
1139 2268 1370 2324 tyrocinio
1504 2273 1529 2312 6
1562 2266 1695 2310 brebi
1840 2267 1923 2310 sed

232 2328 462 2386 quidquid
492 2342 605 2374 corr.
623 2327 863 2373 Fontanus
979 2327 1418 2395 [compositionem
1509 2332 1535 2371 8
1567 2339 1759 2370 numero
1792 2325 1924 2369 insti-

1012 2398 1053 2419 ln

231 2435 374 2485 tuere²
461 2436 487 2475 9
513 2431 597 2474 sub
629 2430 821 2490 ratione·
927 2429 1208 2488 praecipitia
1302 2434 1356 2474 10
1380 2428 1749 2486 inceptationem
1778 2430 1924 2473 meta-

231 2489 399 2535 tionib.
434 2489 677 2534 scribende
709 2504 823 2535 corr.
857 2489 946 2534 8611,
1094 2491 1336 2533 auctorum
1365 2489 1489 2531 hunc
1520 2502 1633 2533 corr.
1666 2488 1794 2532 Zeiss
1823 2489 1925 2532 vide

233 2549 396 2607 Lomye
411 2553 543 2605 1292
568 2550 675 2593 adn.
771 2554 824 2593 13
843 2547 1113 2605 suaspeciae
1136 2561 1249 2593 corr.
1263 2547 1350 2592 Βοὴ
1443 2552 1497 2590 14
1522 2546 1864 2591 osostendimus

237 2613 291 2653 15
316 2620 531 2651 numeros
561 2606 832 2651 tammutari
856 2621 968 2652 corr.
994 2606 1092 2652 Soh.
1158 2612 1213 2651 16
1237 2605 1538 2650 inretentura.
1593 2604 1644 2648 in
1666 2610 1771 2649 ante
1794 2618 1924 2662 prae-

233 2668 420 2712 tentura
443 2680 524 2711 om.
537 2665 598 2721 A,
623 2667 806 2711 addidit
830 2665 917 2710 Son
980 2671 1034 2710 17
1059 2664 1294 2720 aequitate
1395 2665 1614 2721 cogentes
1710 2668 1761 2708 18
1778 2665 1923 2708 meta-

234 2728 361 2770 tores
394 2723 640 2782 inperitiae
749 2730 803 2770 19
829 2723 1066 2780 aequitate
1188 2723 1442 2767 exercitum
1473 2721 1660 2766 omnino
1693 2722 1867 2767 fuerint

237 2790 295 2830 20
320 2783 500 2828 0111111115
533 2797 645 2830 corr.
666 2783 753 2828 Sch
843 2789 898 2828 21
925 2782 1160 2839 quaestori
1260 2781 1548 2838 aequitatum
1640 2787 1694 2826 22
1720 2795 1748 2824 a
1777 2780 1923 2838 legio-

236 2857 319 2887 nes
351 2845 477 2887 astas
599 2841 740 2887 divisi
772 2842 887 2886 duos
920 2856 1033 2887 corr.
1053 2842 1097 2886 L
1216 2846 1273 2885 23
1307 2855 1362 2884 ex
1392 2839 1556 2897 peritis
1597 2839 1921 2898 conpositione

238 2915 351 2950 corr.
379 2901 466 2948 Seh
507 2906 513 2915 '
587 2907 645 2946 24
675 2901 944 2946 maetodum
974 2900 1284 2944 moetationes
1405 2898 1687 2955 exquisitum
