1998 3192
215 173 248 225 2
253 172 287 225 2
955 171 1174 218 HYGIM

50 320 192 378 12810l
217 308 339 361 dere
374 307 382 377 Ι
416 308 612 360 debent
644 311 698 361 et
730 308 948 377 duplam
986 307 1303 376 pedaturam
1335 308 1589 377 recipere,
1622 309 1762 378 quod
1791 313 1907 365 ten·

211 382 365 434 toriis
404 381 697 434 maioribus
743 384 979 434 utantur.
1061 381 1433 449 Primipilares
1481 382 1645 435 etiam
1693 386 1748 436 et
1787 402 1906 438 evo·

213 455 320 508 cati
358 455 415 507 in
455 455 642 507 eadem
681 455 945 523 pedatura
983 455 1162 508 locum
1203 455 1486 523 accipiunt.
1589 456 1636 509 7.
1674 456 1905 526 Equites

211 528 542 597 praetoriani
581 529 750 580 latere
791 528 977 581 dextro
1017 528 1293 596 praetorii,
1334 529 1636 612 singulares
1675 530 1906 599 impera·
1928 574 1934 586 .
1967 545 1970 587 ξ

167 616 189 648 5
213 603 348 655 toris
388 602 557 655 latere
597 602 835 655 sinistr0.
886 601 1124 664 Quorum
1160 602 1206 654 si
1238 602 1412 654 maior
1441 621 1692 656 numerus
1724 604 1906 674 fuerit,
1966 598 1970 607 ’

211 678 407 744 utputa
446 675 747 744 singulares
785 673 903 744 DC,
952 675 1283 743 praetoriani
1323 673 1478 745 CCC,
1524 679 1778 744 poterunt
1815 677 1904 731 GL
1970 725 1971 729 ,

214 750 518 832 singulares
557 750 615 801 in
654 749 827 818 striga
871 749 1338 817 praetorianorum
1385 748 1620 803 tendere.
1699 751 1789 804 Ita
1825 752 1905 821 fit,

211 826 272 875 ut
313 825 365 875 et
402 823 519 892 pari
559 841 785 875 numero
820 822 1071 891 dispositi
1104 821 1416 875 decuriones
1450 824 1504 876 et
1538 824 1732 892 reliqui
1762 826 1906 893 prin-

215 896 416 964 cipales
458 914 643 949 eorum
681 896 836 949 binos
877 913 1041 965 equos
1073 896 1408 964 possidentes
1440 898 1758 965 propensius
1790 902 1906 952 ten·
1972 918 1974 923 ’

48 982 196 1040 128b2
217 970 361 1023 dant.
437 969 512 1022 Et
559 971 605 1022 si
651 970 830 1022 minor
874 987 1127 1022 numerus
1181 967 1546 1040 utrorumlque
1601 970 1784 1041 fuerit,
1845 975 1908 1025 ut
1974 985 1975 998 ³

145 1074 187 1105 11
213 1043 451 1096 centenis
484 1043 753 1112 equitibus
787 1043 1131 1112 semistrigiis
1165 1043 1277 1095 suis
1309 1043 1482 1096 laxius
1515 1045 1756 1114 tendant,
1794 1063 1905 1099 non
1974 1080 1976 1082 -

213 1117 316 1169 erit
354 1117 754 1186 haesitandum,
803 1116 1059 1186 quoniam
1106 1115 1431 1169 officialibus
1471 1117 1630 1169 lateri
1682 1118 1902 1172 sinistro

211 1191 474 1259 proximis
514 1190 592 1243 ibi
630 1190 891 1259 pedatura
924 1190 1254 1260 adsignetur.
1333 1191 1382 1244 8.
1415 1189 1619 1253 Quodsi
1651 1191 1903 1245 cohortes

211 1264 518 1332 praetoriae
556 1264 791 1332 impares
824 1266 1076 1332 acceptae
1107 1264 1321 1332 fuerint,
1361 1263 1614 1332 quoniam
1648 1283 1904 1319 numerus

146 1352 189 1385 15
215 1341 268 1389 et
309 1337 591 1411 dispositio
624 1338 811 1390 dextra
849 1338 1109 1407 laevaque
1148 1338 1410 1405 praetorii
1449 1337 1904 1409 semistrigiorum

213 1430 245 1463 a
283 1412 505 1478 paribus
552 1429 668 1463 esse
715 1411 934 1475 debent,
987 1411 1107 1463 loco
1156 1411 1393 1463 cohortis
1442 1411 1647 1480 equites
1686 1416 1904 1480 praeto-

211 1484 352 1537 riani
406 1487 687 1552 ponentur.
765 1483 1077 1555 Singulares
1133 1487 1316 1536 autem
1364 1485 1570 1552 equites
1625 1485 1672 1537 si
1717 1485 1905 1540 DCCC

214 1561 307 1610 aut
338 1556 563 1611 DCCCG
604 1557 826 1626 fuerint,
865 1557 984 1626 pari
1014 1572 1236 1610 numero
1269 1557 1499 1627 integris
1541 1558 1727 1628 strigis
1768 1560 1900 1612 late-

212 1631 364 1684 ribus
403 1631 623 1684 tendere
663 1631 956 1696 debebunt,
1011 1632 1058 1684 si
1097 1631 1164 1684 ad
1202 1630 1252 1683 D
1292 1630 1514 1701 fuerint,
1569 1633 1905 1703 semistrigia
1979 1644 1998 1714 ιἴ

144 1720 189 1752 20
214 1706 290 1758 eis
332 1705 619 1758 sufficiant.

48 1794 189 1848 129al
362 1779 411 1831 9.
464 1779 607 1831 Illud
645 1778 878 1831 maxime
918 1775 1220 1849 obserlvare
1269 1777 1606 1847 debebimuS,
1659 1782 1720 1831 ut
1758 1780 1902 1833 latus

211 1852 469 1920 praetorii
515 1870 626 1905 non
670 1852 792 1920 plus
841 1870 1002 1921 quam
1040 1849 1286 1904 DCGXX
1330 1852 1493 1920 pedes
1540 1852 1902 1921 longitudinis

214 1925 459 1994 accipiat.
512 1924 599 1977 Ita
630 1926 738 1994 fiet,
776 1927 837 1977 ut
876 1925 1126 1978 cohortes
1165 1925 1375 1994 primae
1416 1928 1469 1978 et
1505 1927 1808 1994 praetoriae
1849 1930 1905 1980 et

211 1999 451 2067 reliquus
490 2017 741 2051 numerus
750 2041 765 2067 ,
807 1999 898 2068 qui
936 1999 1107 2051 latere
1145 1999 1405 2067 praetorii
1442 1999 1636 2069 tendit,
1675 1999 1904 2070 integris

143 2086 189 2119 25
215 2073 402 2141 strigis
444 2091 541 2125 sua
578 2073 839 2141 pedatura
879 2073 1079 2140 optime
1118 2071 1359 2124 tendant.
1434 2071 1601 2140 Nam,
1642 2076 1903 2141 quantum

215 2146 281 2198 ad
341 2145 685 2198 latitudinem
747 2146 1006 2214 praetorii
1057 2146 1227 2199 totius
1283 2145 1502 2215 attinet,
1565 2165 1596 2199 a
1643 2145 1782 2199 CLX
1835 2147 1903 2199 ad

214 2310 237 2348 1
263 2306 316 2348 ut
350 2303 543 2371 duplam
627 2309 652 2348 2
678 2303 927 2361 temporib
952 2303 1142 2348 maioris
1168 2317 1282 2349 corr
1301 2303 1388 2348 Sch
1506 2303 1839 2360 Primipilarib.

211 2377 317 2407 eum
349 2362 444 2406 cati
475 2377 588 2408 corr.
618 2363 753 2408 Pont.
854 2368 880 2407 3
903 2362 1129 2418 Aequites
1160 2361 1444 2420 praeteriani
1544 2368 1572 2406 4
1595 2362 1902 2419 imperatores

271 2427 296 2466 5
322 2421 470 2466 latere
504 2435 600 2466 suo.
634 2435 749 2467 corr.
783 2422 1037 2466 Scriverius
1066 2423 1119 2466 in
1148 2423 1374 2487 maryine
1383 2422 1428 2464 A
1550 2427 1575 2466 6
1599 2421 1818 2478 poterint.

213 2486 238 2524 7
263 2479 332 2524 ita
364 2480 431 2524 sic
461 2481 515 2525 ut
546 2493 659 2526 corr.
671 2481 715 2525 L
799 2486 825 2525 9
851 2479 986 2524 vinos
1011 2493 1193 2537 aequos
1250 2485 1305 2524 10
1329 2478 1656 2537 virorumquae
1681 2494 1794 2525 corr.
1812 2480 1903 2525 Sch

273 2545 324 2583 11
352 2538 574 2595 aequitib.
690 2538 944 2583 aemitricis
1067 2545 1121 2583 12
1154 2538 1444 2583 aesitandum
1563 2538 1700 2582 lateri
1744 2539 1901 2583 vestro

211 2611 324 2643 corr.
345 2598 402 2643 L.
490 2603 544 2642 13
569 2598 895 2655 adsignaretur
1017 2597 1181 2641 cohors
1205 2598 1467 2656 praetoriae
1495 2597 1682 2662 inpares
1707 2598 1902 2654 accepto

210 2655 353 2700 fuerit
437 2661 491 2701 15
515 2656 668 2712 levaq.
760 2655 1052 2701 centuriones
1079 2669 1107 2699 a
1129 2656 1318 2713 paribus
1382 2662 1437 2700 16
1456 2653 1665 2710 aequites
1730 2661 1783 2700 17
1809 2655 1901 2699 sin—

210 2714 387 2772 gularis
419 2716 576 2759 autem
608 2730 645 2761 c.
678 2729 792 2761 corr.
811 2716 855 2759 L
958 2720 1013 2760 18
1040 2714 1260 2772 sintegris
1370 2719 1424 2759 19
1451 2713 1512 2757 ad
1542 2726 1625 2756 nos
1658 2727 1771 2759 corr.
1796 2715 1842 2758 L

209 2775 264 2818 ut
296 2773 443 2830 striga
473 2774 641 2820 corr.L
738 2779 794 2819 20
820 2775 893 2818 est
924 2772 1126 2817 sufficiat
1157 2788 1269 2819 corr.
1287 2774 1332 2818 L
1435 2778 1488 2817 21
1517 2771 1656 2817 Illum
1776 2772 1899 2816 latus

209 2847 255 2890 p.
289 2832 319 2878 1.
353 2832 501 2876 actori
533 2846 646 2877 corr.
665 2833 754 2878 Sch
873 2837 929 2877 23
960 2831 1323 2889 primipilarium
1354 2830 1558 2875 actoriae
1665 2836 1722 2875 24
1753 2830 1899 2876 latere

207 2890 431 2948 praeterii
552 2896 607 2936 26
641 2891 825 2935 adtinet
945 2893 995 2935 at
1026 2889 1183 2934 CCXX
