2032 3192
201 211 270 264 14
862 211 1223 257 PRAEFATIO.

202 348 445 416 sequitur
484 365 548 399 ex
589 347 682 415 εἰει,
722 365 858 416 quae
899 365 1062 415 supra
1102 347 1460 415 exposuimus,
1530 347 1758 401 Prorsus
1800 367 1888 403 eo-

207 422 327 474 dem
367 420 525 474 modo
567 418 655 492 (cf.
697 439 738 473 c.
774 418 864 490 16)
906 420 993 473 ala
1030 420 1265 473 miliaria
1301 420 1515 474 XXIIII
1551 424 1758 475 turmas
1797 423 1891 475 ha-

202 495 316 564 bet,
373 495 730 563 quingenaria
775 492 920 546 XVI.
996 493 1263 577 Apparet,
1315 493 1594 578 Hyginum
1635 514 1676 549 c.
1709 496 1742 548 3
1781 514 1890 549 non

201 571 448 621 accurate
503 569 678 620 dicere
734 567 944 620 cohors
999 568 1176 635 prima
1231 596 1300 605 —
1358 569 1614 637 quoniam
1667 569 1889 637 duplum
1987 601 2008 635 ·‚

199 660 482 694 numerum
519 642 688 694 habet
734 640 951 709 duplam
998 641 1318 709 pedaturam
1367 640 1629 709 accipiet'.
1706 640 1890 711 Spero,

198 734 283 767 me
337 715 533 784 Langii
581 733 815 767 errorem
861 714 1148 783 detexisse,
1203 733 1307 783 quo
1349 715 1565 767 sublato
1603 733 1888 769 numerum

207 789 480 857 copiarum
512 789 568 841 in
600 790 949 857 praetentura
978 787 1318 840 tendentium
1342 787 1504 841 VIIII
1534 789 1686 841 milia
1720 789 1890 842 effeci-

198 881 333 931 mus,
373 864 588 915 servata
612 861 890 914 Arceriani
923 861 1187 930 scriptura
1220 861 1306 914 ‘ad
1331 859 1426 914 DG
1458 861 1706 914 homines
1746 881 1886 916 com-

195 935 495 1006 putantur'.

347 1027 389 1062 c.
422 1009 509 1062 50.
561 1010 638 1062 Et
675 1009 834 1062 lorica
861 1025 1034 1077 parva
1069 1009 1143 1075 fit.
1202 1008 1453 1063 Similiter
1482 1013 1601 1062 ante
1626 1013 1804 1078 portas
1833 1014 1892 1062 ut

199 1083 427 1147 titulum,
473 1087 546 1136 est
579 1083 724 1149 fossa
761 1083 833 1135 ad
874 1082 1090 1148 vallum]
1141 1081 1326 1152 Lange
1374 1083 1592 1150 scripsit
1631 1081 1711 1149 ‘fit
1745 1084 1890 1136 simi-

199 1157 314 1209 liter
351 1161 469 1209 ante
497 1161 679 1224 portas
717 1157 788 1208 ad
824 1156 1053 1223 titulum,
1090 1164 1147 1208 ut
1183 1156 1254 1208 ad
1286 1156 1481 1222 fossam
1517 1156 1726 1210 vallum.
1786 1155 1889 1210 Sed

199 1230 383 1282 omisit
427 1230 587 1282 nobis
634 1230 871 1282 indicare
925 1230 1125 1298 locum,
1180 1247 1284 1298 quo
1334 1230 1504 1282 lorica
1558 1229 1891 1298 significaret

198 1304 402 1356 vallum
440 1304 634 1372 ipsum.
711 1302 848 1355 Tum
895 1302 1197 1354 inauditum
1235 1303 1555 1356 munitionis
1595 1319 1765 1372 genus
1806 1321 1889 1355 ex-

200 1377 487 1446 cogitavit,
535 1377 717 1444 titulo,
765 1394 899 1445 quae
941 1374 1031 1446 (cf.
1070 1376 1141 1428 49
1183 1375 1285 1447 eX.)
1334 1377 1483 1428 fossa
1519 1394 1615 1444 per
1651 1377 1891 1430 latitudi-

197 1469 322 1502 nem
359 1455 640 1520 portarum
679 1450 839 1502 ducta
877 1453 982 1518 est,
1027 1449 1234 1502 vallum
1275 1453 1330 1502 et
1368 1449 1677 1503 defensores
1717 1451 1891 1503 iniun-

199 1541 345 1594 gens.
421 1524 663 1577 Titulum
711 1523 830 1589 ideo
884 1523 1172 1575 instruitur
1226 1526 1281 1576 et
1333 1523 1619 1592 sexaginta
1673 1524 1888 1593 quidem

198 1598 360 1666 pedes
401 1601 524 1650 ante
562 1601 800 1666 portam,
839 1599 901 1648 ut
939 1596 1114 1649 aditus
1156 1596 1478 1664 ad‘portam
1508 1596 1758 1649 hostibus
1791 1597 1892 1649 dif-

203 1672 400 1724 ficilior
446 1671 539 1735 sit,
586 1671 730 1723 vallo
773 1673 827 1722 et
865 1670 1236 1723 defensoribus
1282 1688 1394 1722 non
1434 1687 1569 1738 opus
1610 1673 1713 1739 est,
1761 1688 1890 1739 quo-

203 1745 352 1798 niam
389 1745 501 1797 tela
540 1763 573 1797 a
609 1744 755 1797 vallo
796 1743 864 1796 ad
902 1743 1126 1796 titulum
1165 1743 1323 1796 facile
1364 1743 1666 1812 adiguntur.
1738 1742 1892 1805 Quod

200 1837 300 1871 nos
339 1819 565 1870 dicimus
607 1816 775 1870 eFort'
816 1817 902 1869 vel
942 1816 1082 1886 quod
1122 1817 1189 1885 ad
1224 1817 1470 1869 homines
1509 1817 1745 1884 pertinet
1784 1816 1889 1869 ‘de-

202 1891 460 1944 tachirter
506 1890 725 1944 Posten'
782 1890 1094 1959 antiquitati
1146 1891 1396 1959 ignotum
1435 1889 1540 1942 fuit
1580 1890 1644 1942 cf.
1677 1890 1891 1943 Vitruv.

205 1965 346 2033 1,15
379 1964 713 2018 collocanda
745 1967 924 2017 autem
958 1964 1157 2058 oppida
1196 1967 1323 2016 sunt
1352 1981 1462 2016 non
1494 1964 1757 2032 quadrata
1794 1980 1892 2016 nec

198 2039 640 2107 procurrentibus
681 2038 896 2107 angulis
936 2079 948 2090 .
973 2078 986 2091 .
1010 2079 1023 2092 .
1054 2077 1066 2089 .

349 2130 392 2164 c.
422 2112 508 2165 51.
557 2128 713 2178 meque
752 2112 919 2179 lapide
955 2111 1131 2164 mobili
1160 2111 1267 2164 nisi
1303 2110 1661 2178 confrayosum
1694 2111 1890 2164 vallum

198 2186 370 2239 extrui
397 2185 590 2253 potest]
646 2184 929 2237 Arceriani
976 2186 1230 2252 copiosum
1279 2184 1338 2236 in
1386 2184 1742 2252 confrayosum
1779 2202 1891 2236 mu-

198 2260 332 2326 tavi,
389 2277 576 2311 sensus
626 2259 767 2311 enim
822 2259 1050 2327 requirit
1105 2257 1424 2310 adiectivum
1480 2257 1721 2326 aliquod,
1784 2275 1890 2325 quo

199 2333 330 2386 valli
391 2332 639 2385 soliditas
701 2333 788 2384 vel
849 2332 1112 2384 tenacitas
1175 2331 1525 2399 vituperetur.
1615 2329 1697 2382 De
1761 2347 1890 2383 voce

201 2404 590 2475 econfragosus'
631 2405 853 2474 ipsa‘cf.
879 2404 1177 2458 Columella
1215 2405 1264 2472 2,
1290 2406 1339 2473 2,
1364 2404 1396 2457 8
1438 2404 1728 2473 ‘lapidibus
1768 2421 1890 2456 con·

200 2478 470 2547 fragosus'
524 2481 578 2531 et
615 2479 928 2531 Lachmann
977 2479 1371 2548 agrimensores
1419 2478 1666 2531 Romani.
1743 2475 1890 2530 Satis

199 2553 333 2606 trita
362 2571 466 2605 vox
492 2552 633 2620 apud
666 2553 1057 2622 agrimensores
1089 2552 1258 2604 fuisse
1281 2551 1507 2619 videtur,
1541 2554 1682 2603 certe
1713 2550 1887 2602 tribus

200 2627 333 2679 locis
373 2627 431 2678 in
470 2626 701 2678 editione
740 2624 1179 2678 Lachmanniana
1217 2625 1423 2694 inveni,
1462 2643 1512 2693 p.
1538 2625 1610 2676 24
1647 2622 1890 2675 Frontin.

200 2700 293 2752 lib.
324 2699 352 2751 Ι
391 2698 731 2769 confragosa
770 2699 890 2752 loca
929 2718 1033 2768 qua
1063 2699 1168 2751 iter
1198 2699 1315 2751 fieri
1345 2716 1456 2751 non
1487 2695 1704 2765 potest’,
1742 2715 1792 2764 p.
1819 2696 1890 2748 32

202 2772 663 2842 ‘confragosorum
688 2773 928 2825 locorum
951 2770 1367 2841 iniquitatibusss
1390 2790 1440 2839 p.
1454 2771 1524 2823 33
1544 2770 1683 2823 loca
1700 2786 1891 2838 aspera

202 2849 256 2899 et
288 2847 609 2915 confragosa
642 2846 783 2899 saxis
814 2843 1086 2917 (Hyginus
1120 2846 1185 2898 de
1216 2813 1431 2898 limitib.
1457 2841 1890 2912 constituendis)

350 2939 390 2973 c.
424 2920 509 2973 55.
564 2938 624 2973 ex
659 2937 713 2973 eo
751 2921 935 2985 medio]
977 2920 1056 2972 ita
1095 2919 1322 2987 correxi,
1359 2918 1501 2972 hunc
1539 2919 1717 2971 locum
1755 2914 1886 2968 refe-

2000 2555 2003 2565 -
2001 2482 2005 2493 ·
2003 2412 2005 2419 —
2004 2383 2007 2406 ..γ
2001 2183 2011 2369 ..νε-...ψ
2002 2142 2012 2175 un.
