2032 3192
181 182 248 235 12
841 179 1202 225 PRAEFATIO.

179 317 367 386 quinta
405 315 604 384 peditis
654 318 709 368 61
755 315 859 368 (1110
901 315 1063 368 8611118
1104 315 1313 384 equitis,
1389 315 1528 368 Item
1567 317 1682 370 iure
1722 334 1764 369 6.
1795 317 1869 370 26

179 391 409 458 scriptor
464 390 605 442 inter
660 406 715 441 86
767 389 1101 459 comparavit
1154 389 1347 457 pedem
1402 389 1600 458 peditis
1656 393 1711 443 61
1762 391 1869 444 duo

179 465 338 516 semis
387 463 608 531 equitis,
660 480 787 515 nam
832 480 972 515 nunc
1018 462 1082 514 de
1127 463 1431 533 redigendis
1481 463 1752 532 equitibus
1800 465 1867 518 ad

175 538 384 605 pedites
417 537 612 606 agitur,
646 539 700 588 61
723 537 1000 605 proportio
1025 537 1166 589 inter
1190 554 1282 589 608
1308 539 1392 589 681
1426 537 1452 589 1
1474 556 1486 590 :
1507 538 1577 606 1³5
1603 568 1673 575 —
1699 539 1771 606 2⁴}
1787 557 1800 591 :
1817 539 1867 592 3.

178 609 236 663 O.
267 611 339 664 25
378 611 546 680 igitur
583 611 763 678 portio
803 610 1025 679 peditis,
1073 610 1247 679 qualis
1285 628 1343 662 re
1381 628 1510 663 vera
1549 615 1653 681 681,
1706 613 1866 666 nobis

176 685 242 738 ab
282 684 466 738 oculos
504 684 738 752 ponitur,
777 701 819 736 6.
844 684 914 736 26
941 684 1118 752 qualis
1151 684 1437 752 aptissima
1461 687 1542 736 est
1565 685 1623 737 in
1647 703 1864 754 compu-

174 759 381 812 tatione
414 758 669 826 equitum.
718 756 836 810 Iam
869 757 1122 826 suspicar,
1155 757 1391 826 aliquem
1422 757 1562 810 116116
1594 758 1864 827 duplicem

173 832 595 900 proportionem,
635 832 887 900 quoniam
924 848 1034 884 non
1065 830 1436 899 intellexisset,
1475 831 1532 883 in
1563 832 1865 900 simplicem

174 906 469 958 mutavisse
501 904 775 958 adnotatis
808 904 1003 973 verbiS,
1027 904 1165 958 unde
1191 904 1466 958 exordium
1490 905 1772 975 fecimus,
1777 925 1867 959 an-

173 979 314 1031 iecta
354 977 576 1047 quinta'.
650 977 752 1031 Sed
789 978 963 1031 textui
1001 978 1108 1047 ipsi
1146 996 1366 1031 manum
1407 977 1693 1032 admovere
1732 997 1865 1033 non-

175 1052 301 1105 dum
327 1052 583 1119 sustinui,
609 1053 742 1104 satis
766 1051 955 1120 habui,
988 1052 1181 1120 quibus
1208 1051 1517 1120 offenderer,
1542 1053 1865 1120 exposuisse.

323 1144 364 1179 6.
396 1126 484 1179 27.
544 1126 719 1178 Habet
760 1126 929 1190 itaque
974 1124 1147 1179 cohors
1201 1127 1427 1192 equitata
1472 1126 1710 1179 miliaria
1755 1144 1866 1180 cen-

176 1201 343 1252 turias
380 1198 442 1252 X
466 1200 715 1268 peditam,
753 1200 978 1266 equitum
1015 1198 1205 1253 CCXL
1243 1203 1441 1252 turmas
1477 1198 1562 1266 X]
1611 1198 1663 1252 A
1701 1200 1867 1254 habet

173 1274 395 1340 aequites
438 1274 545 1340 ped
581 1271 775 1326 CCXL
821 1277 1019 1326 turmas
1065 1313 1077 1326 .
1103 1315 1114 1326 .
1140 1313 1152 1326 .
1227 1271 1303 1325 Ut
1354 1273 1600 1325 ultimam
1641 1273 1867 1326 eiciendi

172 1347 439 1400 rationem
477 1347 729 1416 vitarem,
774 1346 1088 1414 transposui
1124 1348 1241 1414 ped.
1279 1347 1540 1414 aequitum
1580 1350 1634 1399 61
1674 1347 1866 1415 geniti-

173 1438 270 1473 vos
310 1438 480 1489 posu1.

322 1493 512 1548 Cohors
549 1494 774 1561 equitata
810 1494 1151 1560 qainyenaria
1188 1493 1335 1545 habet
1363 1494 1620 1546 centurias
1644 1493 1746 1562 VI,
1783 1511 1864 1547 re-

175 1569 313 1632 liqua
340 1584 442 1634 pro
471 1572 624 1634 parte
653 1567 894 1633 dimidia]
934 1565 1119 1636 Lange
1150 1566 1380 1619 inseruit
1410 1570 1536 1635 post
1570 1566 1861 1620 ‘centurias

177 1640 284 1694 VI'
326 1645 523 1694 turmas
557 1641 659 1710 VI,
707 1641 797 1693 sed
838 1640 965 1709 quid
1003 1643 1120 1692 tum
1161 1640 1266 1692 sibi
1307 1640 1421 1693 vult
1461 1640 1729 1697 adiectum
1770 1640 1865 1695 ‘re-

172 1715 322 1783 liqua
358 1733 456 1783 pro
497 1717 652 1784 parte
691 1713 948 1767 dimidia'.
1025 1712 1269 1782 Accedit,
1309 1714 1471 1782 quod,
1512 1714 1558 1765 si
1595 1713 1864 1782 Langium

175 1788 472 1856 sequimur,
527 1788 873 1842 statuendum
928 1787 1050 1855 erit,
1104 1787 1161 1839 in
1206 1790 1389 1839 turma
1436 1787 1552 1839 6166
1600 1787 1864 1840 miliariae

175 1860 374 1930 XXIV,
413 1863 470 1913 in
508 1864 689 1914 turma
728 1862 842 1914 alae
882 1861 1264 1930 quingenariae
1295 1860 1397 1912 XX
1439 1861 1645 1928 equites
1682 1860 1865 1915 fuisse.

325 1953 367 1988 c.
399 1935 469 1987 29
510 1935 580 1987 in.
607 1935 812 1987 correxi
850 1936 910 1987 in
938 1938 1199 1987 retentura
1227 1937 1511 2000 pommtar.
1572 1933 1756 2002 Lange
1787 1952 1864 1987 re-

174 2008 340 2061 tinuit
376 2009 623 2075 ponimus
677 2012 732 2060 et
784 2027 835 2076 p.
871 2008 972 2060 181
1023 2008 1172 2060 addit
1219 2006 1562 2076 ‘quamquam
1615 2008 1864 2061 nationes

178 2082 515 2134 accusativus
556 2084 661 2150 est,
707 2081 960 2134 liberiore
998 2084 1182 2134 tamen
1221 2080 1582 2149 appositionis
1623 2084 1863 2134 constru-

175 2155 352 2208 ctione
405 2156 626 2208 nomina
685 2155 930 2223 gentium
983 2155 1039 2206 in
1092 2154 1425 2206 nominativo
1474 2154 1654 2222 posita
1701 2153 1862 2208 sunt'.

175 2228 321 2282 Num
361 2247 685 2297 quemquam
724 2229 947 2295 invenit,
987 2227 1078 2296 qui
1118 2227 1166 2279 ei
1204 2226 1365 2279 fidem
1404 2226 1633 2279 habuit?

324 2320 365 2354 6.
397 2303 482 2355 30.
535 2303 797 2355 vexillarii
835 2299 1087 2367 GIODG]
1135 2301 1211 2353 ita
1251 2299 1322 2368 A,
1371 2298 1560 2353 Schele
1601 2303 1655 2352 61
1676 2299 1862 2370 Lange

177 2378 523 2427 correxerunt
562 2373 747 2443 CIOD,
787 2374 1082 2428 Salmasius
1123 2371 1447 2442 CIODCOO,
1487 2374 1630 2442 quod
1660 2377 1862 2426 utrum-

175 2466 277 2517 que
315 2448 513 2501 falsum
555 2451 651 2502 681.
726 2449 910 2517 Lange
949 2467 997 2516 p.
1034 2448 1138 2501 182
1186 2447 1342 2500 (10661
1388 2446 1649 2500 ‘videmus
1696 2447 1863 2516 igitur

174 2522 233 2574 in
280 2522 517 2574 exercitu
561 2521 768 2592 Hygini
823 2521 1050 2591 singulis
1097 2520 1405 2590 legionibus
1452 2519 1501 2572 D
1553 2519 1860 2573 vexillarios

177 2594 389 2647 additos
430 2594 581 2648 esse'.
636 2594 741 2648 Sed
771 2595 910 2648 unde
943 2595 1254 2647 videamus?
1304 2593 1556 2663 Hyginus
1595 2611 1862 2661 nusquam

177 2668 241 2720 de
279 2686 501 2721 numero
548 2669 952 2721 vexillariorum
998 2668 1224 2737 legionis
1269 2667 1530 2736 loquitur,
1574 2666 1679 2718 nisi
1718 2666 1861 2735 quod

177 2760 218 2794 c.
251 2742 285 2795 5
324 2741 396 2794 in.
436 2759 527 2794 eos
568 2742 634 2794 ad
685 2745 1029 2795 sexcentenos
1076 2741 1321 2794 homines
1368 2739 1667 2807 computari
1716 2739 1859 2792 dicit.

176 2833 218 2868 c.
254 2816 282 2867 7
326 2818 709 2883 comparantur
756 2816 895 2868 inter
944 2833 1000 2867 se
1039 2814 1328 2882 vexillarii,
1381 2812 1571 2865 cohors
1618 2812 1861 2881 peditata

178 2889 554 2958 quingenaria,
604 2888 795 2942 cohors
834 2888 1132 2958 legionaria
1179 2890 1233 2940 et
1271 2889 1494 2956 apparet
1540 2904 1602 2938 ex
1642 2904 1703 2939 eo
1743 2886 1859 2939 loco
