2032 3192
714 160 1071 207 PRAEFATIO.
1667 166 1734 219 17

51 309 87 339 c.
105 300 173 341 15.
214 273 465 352 strigamm
508 292 848 339 indicationem
938 292 1190 350 strigarum
1207 294 1514 341 dictationem
1533 297 1736 356 (Schele)

166 351 438 398 metationis

108 412 310 467 debebit,
342 411 391 454 in
421 410 573 456 forma
603 448 614 458 .
641 445 652 457 .
678 446 688 456 .

995 353 1269 398 metationis

938 409 1148 467 debebit3
1180 411 1230 456 in
1260 412 1411 458 forma
1442 449 1452 459 .
1478 451 1488 461 .
1516 449 1526 459 .

49 484 87 518 c.
108 476 176 516 16.
224 470 498 515 decuriones
546 471 595 515 et
639 470 845 527 reliquos
937 469 1210 515 decuriones
1264 474 1313 516 et
1356 473 1546 530 reliqui,
1597 478 1738 532 prout

163 532 304 588 prout
317 543 560 574 munerum
573 530 844 586 turmarum,

20 610 29 628 1
103 588 545 691 ὤαὶιῖιῑὲῇᾳειῶᾳιιοε
576 590 631 633 ut
661 602 801 646 supra

21 664 24 681 τ
290 661 378 693 6161
432 663 456 691 1·

20 721 24 750 τ
46 719 85 751 6.
106 712 174 751 17.
208 705 411 763 quinque
435 705 661 764 legioneS,
682 707 843 752 cohor-

162 766 235 809 tes
254 765 444 821 quintae
469 764 669 823 legionis
692 768 748 811 ut
770 781 843 811 su-

162 837 248 881 pra
278 824 329 868 in
350 826 652 882 praetentura
673 824 843 870 tertiae

17 936 21 938 .
163 884 213 927 et
243 886 436 939 quartae

45 955 84 987 6.
104 946 172 986 19.
206 943 254 986 et
285 956 424 1000 super
454 943 723 988 subactares

12 1012 82 1050 ,c.
100 1005 170 1046 20.
213 1001 400 1046 scholae
441 1002 710 1048 cohortibus
749 1002 842 1060 pri-

11 1072 27 1109 τ
160 1058 250 1104 mis

11 1124 23 1179 g
44 1130 82 1162 6.
100 1123 171 1164 23.
203 1131 420 1164 numeros
444 1120 734 1178 compositae
750 1121 841 1166 for-

159 1191 263 1222 mae
603 1216 616 1219 -

42 1249 80 1281 6.
99 1241 170 1283 24.
203 1236 284 1293 qui
308 1248 344 1281 'a
374 1237 648 1283 cohortibus
675 1239 840 1296 primis

159 1295 360 1352 proximi
404 1296 596 1344 tendere
651 1298 840 1357 debent,

159 1353 395 1400 vexillarii
425 1355 685 1413 legionum;
723 1357 840 1402 item

6 1397 15 1466 ξ
160 1413 480 1471 exploratores
503 1415 554 1459 in
585 1415 734 1473 striga
764 1431 839 1462 co-

0 1475 17 1720 t
158 1472 286 1517 horti
315 1473 494 1530 primae
524 1474 735 1531 proxima

41 1601 79 1634 6.
99 1593 170 1634 26.
201 1591 256 1634 ut
283 1590 455 1647 pedem

101 1661 157 1691 ex
190 1648 352 1692 eadem
383 1650 577 1695 cohorte

42 1711 167 1752 c.2''1.
202 1708 437 1753 centurias
467 1709 523 1765 X,
558 1711 734 1754 turmas
766 1710 809 1755 X

101 1884 333 1929 centurias
356 1885 437 1943 VI,
467 1887 642 1930 turmas
673 1886 740 1931 VI

17 1987 18 1990 ,
41 1955 80 1987 6.
97 1947 169 1988 29.
219 1944 452 1990 centurias
506 1947 736 1990 statorum
782 1971 838 1979 —

159 2002 528 2048 subactariorum
541 2031 603 2038 —
620 2003 838 2062 ponimus

100 2060 355 2106 secundum
384 2064 702 2119 quaestorium

41 2132 78 2164 c.
98 2125 167 2166 30.
202 2119 326 2165 datis
356 2121 561 2166 numeris

98 2177 333 2224 vexillarii
364 2179 501 2226 CIOD

19 2262 21 2266 >
100 2238 316 2284 cohortes
378 2239 615 2296 equitatae

159 2297 258 2342 riae
289 2298 334 2342 H

41 2370 79 2401 6.
99 2359 171 2401 31.
204 2358 325 2402 sicut
339 2358 626 2402 retenturam
642 2357 837 2402 fecimus

41 2429 79 2460 6.
98 2418 168 2459 33.
201 2415 396 2460 stationi

41 2487 79 2521 c.
97 2477 168 2518 35.
202 2474 262 2518 ad
295 2473 372 2518 CD
403 2474 615 2519 homines

98 2531 414 2591 relinquemus
446 2534 726 2591 quingentos

12 2590 17 2595 ”
40 2605 78 2637 6.
96 2595 167 2636 36.
188 2594 411 2650 poterunt
426 2606 528 2637 esse
543 2593 693 2637 latere
707 2606 839 2650 prae-

158 2651 372 2696 tenturae
406 2651 622 2696 cohortes
653 2651 720 2695 ΠΙ

684 2240 837 2285 milia-

158 2768 295 2814 nibus
312 2783 450 2827 super
464 2783 706 2814 numerum
717 2782 839 2814 com-

158 2827 367 2886 positum
390 2853 446 2862 —
470 2828 601 2873 locus
626 2827 839 2886 adsigne-

157 2889 248 2944 tur,
281 2885 348 2931 sic
378 2885 616 2935 faciemus,

0 3181 11 3192 ..
0 3046 9 3173 ,ν-ν-«ν
12 3002 13 3006 Α

15 2723 79 2770 ,6.
98 2713 168 2753 37.
203 2710 243 2754 si
282 2710 471 2755 dictatis
512 2709 644 2755 mille
689 2709 840 2754 homi-

995 543 1213 574 numerus
1237 531 1507 589 turmarum,
1533 534 1735 592 amplius

996 601 1141 644 equos
1172 588 1306 633 alunt
1334 592 1388 635 ut
1419 606 1559 649 supra

934 646 1056 690 nihil
1088 647 1335 693 deducitur
1365 649 1566 709 (Schele)

936 707 1138 762 quinque
1162 706 1372 764 legiones
1406 711 1454 754 et
1478 724 1629 768 supra,
1656 712 1732 769 (A)

994 764 1211 810 cohortes
1242 766 1527 823 legionariae

933 940 1015 985 ubi
1047 943 1095 986 et
1126 943 1516 999 supernumerarii

935 1000 1124 1046 scholae
1157 1001 1420 1047 cohortium
1449 1002 1694 1062 principiis

932 1132 1148 1164 numeros
1182 1120 1467 1177 compositos
1497 1121 1677 1167 formae

933 1236 1013 1292 qui
1052 1250 1082 1280 a
1119 1237 1389 1282 cohortibus
1432 1238 1596 1296 primis
1626 1254 1733 1297 pro-

989 1295 1105 1339 ximi
1134 1296 1326 1341 tendere
1359 1297 1554 1352 debent,
1586 1299 1640 1342 ut
1657 1301 1731 1356 (A)

989 1354 1224 1399 vexillarii
1238 1355 1499 1412 legionum3
1524 1356 1639 1401 item
1655 1371 1731 1402 ex-

988 1413 1250 1471 ploratores
1299 1413 1423 1458 insta
1467 1415 1643 1473 (Lange
1680 1416 1731 1460 in

987 1472 1098 1518 hist.
1122 1474 1237 1517 mut.
1256 1478 1326 1528 70,
1348 1476 1394 1530 9)
1428 1474 1623 1532 strigam
1656 1489 1731 1520 co-

988 1531 1139 1576 hortis
1169 1531 1348 1589 primae

929 1591 980 1635 et
1006 1590 1177 1647 pedem

929 1662 986 1693 ex
1016 1662 1073 1695 ea
1105 1650 1296 1694 cohorte

930 1707 1161 1752 centurias
1215 1708 1258 1751 X
1309 1708 1544 1766 peditum,
1604 1709 1731 1765 equi-

987 1768 1086 1811 tum
1111 1766 1273 1870 {CXL
1306 1767 1392 1825 (ita
1421 1767 1518 1812 fere
1544 1767 1605 1825 A)
1636 1770 1730 1812 tur-

987 1839 1087 1870 mas

930 1884 1068 1930 omisi
1102 1885 1299 1930 ‘turmas
1329 1885 1413 1929 VI'
1449 1899 1553 1930 cum
1583 1888 1638 1930 A.
1676 1905 1677 1908 ¹

931 1943 1167 1988 centuriae
1207 1945 1436 1988 statorum
1474 1970 1530 1977 -
1571 1957 1729 2002 super·

987 2002 1354 2047 numerariorum
1385 2030 1440 2036 -
1477 2005 1726 2061 ponuntur.

929 2062 1062 2106 iuxta
1092 2061 1410 2118 quaestorium

929 2121 1065 2165 datos
1096 2135 1311 2165 numeros

929 2179 1164 2224 vexillarii
1196 2179 1371 2226 CIODC
1403 2180 1479 2237 (A)

931 2239 1145 2284 cohortes
1163 2238 1402 2295 equitatae
1417 2236 1646 2282 miliariae
1662 2237 1729 2281 111

930 2354 1054 2399 sicut
1083 2354 1133 2398 in
1163 2355 1402 2399 retentura
1432 2353 1626 2399 fecimus

929 2413 1132 2458 statione

929 2473 989 2516 ad
1021 2471 1099 2517 DC
1131 2471 1343 2516 homines
1375 2473 1451 2529 (A)

928 2530 1100 2588 reliqui
1131 2530 1190 2588 (A
1219 2530 1417 2588 relique)
1452 2530 1699 2588 quingenti

929 2589 1107 2648 poterit
1145 2603 1246 2634 esse
1284 2591 1476 2634 tensura
1514 2589 1602 2647 (ita
1630 2589 1727 2633 fere

989 2649 1048 2705 A)
1073 2648 1336 2693 cohortium
1358 2648 1501 2692 trium
1524 2647 1727 2705 (Schele)

931 2708 971 2752 si
1010 2707 1181 2751 dantur
1216 2707 1348 2751 mille
1389 2707 1602 2751 homines
1642 2705 1728 2763 (ita

989 2766 1085 2812 fere
1101 2766 1159 2823 A)
1186 2780 1324 2824 super
1344 2779 1585 2811 numerum
1607 2777 1727 2808 com-

988 2825 1216 2884 positum,
1264 2825 1394 2870 locus
1433 2824 1725 2881 adsignetur;

991 2884 1057 2929 sic
1090 2883 1327 2928 faciemus.

1402 2956 1461 2999 2*
