2032 3192
675 838 923 892 Tabula
977 839 1589 908 discrepantiarum,

349 961 485 1012 quae
524 943 665 995 inter
702 941 897 1012 Langii
936 942 1228 996 editionem
1265 941 1606 996 intercedunt
1644 946 1699 996 et
1736 962 1924 998 meam.

479 1104 677 1174 Langii
716 1104 898 1160 editio,

288 1220 327 1250 c.
348 1211 386 1252 1.
422 1205 720 1249 ostendemus

349 1265 596 1309 occurrunt
625 1264 676 1308 in
705 1263 956 1309 latitudine

348 1455 454 1485 cum
486 1441 904 1498 compraetendant

347 1500 407 1543 ad
459 1499 651 1557 plenam
705 1499 964 1545 centuriam
1016 1500 1089 1544 est

407 1560 678 1616 computata

347 1616 397 1660 in
428 1617 608 1675 vigiliis
640 1617 748 1662 XVI
780 1619 916 1662 erunt

289 1690 326 1720 c.
346 1682 387 1721 2.
421 1676 655 1734 corporali
685 1676 735 1720 in
765 1690 896 1720 muro

347 1736 396 1779 et
448 1735 497 1780 id
543 1735 664 1792 pede
715 1737 937 1780 manente
984 1748 1087 1780 eam

406 1794 689 1838 mutabimus

346 1852 396 1896 in
418 1853 609 1898 modum
629 1852 806 1898 formae
825 1853 1088 1898 subiectum

348 1912 533 1968 quando

348 1970 474 2027 quod
503 1970 647 2015 fuerit
679 1970 825 2028 signis
851 1970 1086 2027 ,tabulino‚

407 2030 531 2085 quod
561 2029 707 2076 fuerit
733 2029 962 2087 tabuhno‚
1000 2029 1090 2075 erit

406 2088 575 2145 signis;
609 2088 894 2146 semistrigia
927 2123 936 2133 .
964 2123 974 2134 .
1001 2122 1012 2133 .

288 2160 326 2191 c.
344 2152 384 2192 3.
417 2147 616 2191 tendent

288 2219 325 2250 c.
344 2210 385 2250 4.
418 2205 651 2250 vexillarii
674 2206 752 2251 vel
777 2205 993 2251 cohortes
1019 2219 1087 2250 se-

408 2264 587 2309 eundae

345 2323 427 2367 LX
457 2324 602 2381 pedes

288 2395 326 2426 c.
346 2386 385 2428 7.
420 2382 640 2439 dispositi
673 2382 769 2427 sint
799 2384 847 2428 et
878 2381 1087 2428 decurio-

404 2454 487 2484 nes

288 2513 326 2543 c.
345 2503 385 2544 8.
419 2499 727 2544 tentoriorum

288 2571 326 2602 c.
346 2563 386 2602 9.
423 2558 636 2603 cohortes
667 2558 931 2615 praetoriae

288 2622 417 2662 c.10.
451 2616 625 2661 debent
669 2617 833 2662 libello
882 2616 1087 2662 ostendi-

405 2689 507 2719 mus

288 2747 326 2778 c.
347 2739 415 2778 11.
447 2733 498 2778 in
528 2732 726 2778 formam
755 2733 903 2792 partis
934 2733 1057 2780 imae

288 2806 326 2837 c.
348 2798 415 2839 14.
449 2806 477 2837 a
506 2793 740 2850 praetorio
780 2793 860 2838 via
900 2794 1086 2850 praeto-

406 2851 477 2895 ria
508 2851 679 2896 dicitur

1512 1122 1646 1158 mea.

1180 1204 1469 1249 ostendimus
1512 1207 1555 1250 A

1180 1263 1432 1308 decurrunt
1461 1263 1638 1322 (Lange
1668 1264 1719 1308 in
1747 1278 1979 1310 commen-

1237 1322 1378 1389 tario)
1418 1323 1468 1367 in
1506 1323 1802 1382 longitudine
1843 1324 1976 1382 (Goe-

1240 1383 1354 1438 Slus)

1181 1440 1419 1485 coniuncti
1449 1441 1652 1485 tendunt

1180 1499 1241 1543 ad
1278 1499 1469 1556 plenam
1512 1499 1748 1557 legionem
1786 1501 1861 1558 (A)
1905 1503 1978 1546 est

1239 1559 1509 1615 computata
1539 1558 1564 1584 '¹‘

1178 1616 1228 1660 in
1259 1616 1438 1674 vigiliis
1469 1617 1684 1661 nonnulli
1716 1619 1850 1662 erunt

1182 1675 1415 1733 corporali
1445 1677 1499 1720 ut
1528 1689 1659 1720 muro

1180 1735 1325 1779 etiam
1361 1734 1483 1791 pede
1514 1736 1732 1779 manente
1770 1734 1842 1780 ita
1878 1749 1976 1779 mu-

1236 1792 1441 1838 tabimus

1179 1851 1229 1896 in
1258 1852 1450 1896 modum
1479 1851 1656 1897 formae
1689 1851 1925 1898 subiectae

1179 1911 1306 1968 quod
1338 1913 1414 1968 (A)
1448 1911 1488 1955 si

1179 1969 1306 2026 quod
1350 1969 1494 2014 fuerit
1539 1969 1709 2028 signis,
1763 1969 1976 2015 tabulino

1239 2029 1350 2084 erit3
1383 2042 1506 2073 nunc
1538 2028 1823 2087 semistrigia
1853 2066 1865 2077 .
1891 2066 1900 2076 .
1928 2064 1938 2075 .

1178 2146 1379 2192 tendant
1409 2146 1467 2203 <A
1497 2146 1680 2204 tendat)

1178 2205 1413 2251 vexillarii

1179 2322 1303 2366 LXX
1332 2322 1477 2379 pedes
1509 2322 1550 2365 A

1180 2381 1401 2439 dispositi
1433 2379 1705 2426 decuriones
1736 2381 1778 2424 A

1181 2498 1570 2556 semistrigiorum

1180 2558 1396 2602 cohortes
1427 2557 1605 2624 primae
1639 2558 1687 2602 et
1711 2556 1976 2623 praetoriae

1180 2616 1374 2671 debent3
1406 2615 1570 2659 libello
1603 2615 1891 2660 ostendimus

1177 2733 1227 2777 in
1257 2731 1347 2777 fori
1377 2733 1510 2789 parte
1542 2732 1638 2775 ima

1178 2805 1207 2835 a
1236 2790 1470 2848 praetorio
1510 2790 1588 2835 via
1627 2789 1866 2848 praetoria
1895 2790 1976 2834 du·

1237 2850 1358 2894 citur
1431 2849 1474 2892 A
1502 2849 1596 2893 nisi
1620 2850 1744 2906 quod
1767 2851 1820 2895 in
1842 2862 1973 2906 prae-

1236 2907 1358 2953 torio
1390 2907 1546 2952 habet.
