2026 3192
333 193 516 238 LIBER
546 192 627 236 DE
659 191 1103 238 MUNITIONIBUS
1136 191 1516 240 CASTRORUM.
1699 197 1769 249 31

85 331 268 398 unius3
316 331 370 381 et
416 345 557 381 nunc
604 328 937 397 semistrigia
982 327 1211 380 dicimus
1250 326 1317 397 V,
1363 329 1647 399 quinquies
1688 328 1776 384 CO

86 405 150 457 fit
189 402 326 458 010:
375 402 493 455 alae
540 401 804 454 miliariae
855 400 1131 470 pedatura.
1230 401 1317 455 35.
1355 401 1644 472 Reliquum
1685 423 1776 456 au-

85 482 197 531 tem
234 494 519 530 numerum
559 475 700 529 sicut
734 478 1068 528 retenturam
1099 479 1469 544 computemus
1479 518 1493 544 ‚
1542 480 1603 530 ut
1642 478 1776 531 scia·

85 569 205 604 mus
244 550 511 618 similiter,
550 551 684 618 quot
723 548 1058 618 semistrigia
1098 552 1404 603 nascantur.
1467 549 1556 602 Fit
1592 569 1777 605 nume-

84 643 176 678 rus
216 643 338 678 cum
369 622 636 692 pedatura
665 622 1065 691 valetudinarii,
1096 623 1409 676 veterinarii
1441 627 1495 677 et
1525 624 1777 693 fabricae,
1799 639 1824 673 5

86 716 222 767 quae
275 699 332 750 in
385 715 553 749 unum
606 697 672 749 ad
725 695 821 749 DC
882 696 1129 749 homines
1185 700 1567 765 computantur
1614 697 1779 751 VIIII

85 772 253 824 milia.
331 770 605 824 Sumimus
651 770 950 839 dimidiam,
1004 770 1068 822 fit
1111 769 1223 822 IIII
1273 771 1428 823 milia
1476 770 1539 823 D.
1610 770 1778 824 Semi-

85 845 340 916 strigium
377 845 551 913 partis
591 843 846 900 dimidiae
886 846 968 896 est
990 842 1085 897 DC
1124 844 1322 913 pedum
1358 863 1455 914 per
1486 845 1778 914 longitudi-

83 937 232 988 nem,
272 919 414 989 quod
452 917 502 971 D
542 917 790 971 homines
830 918 1032 987 capiet,
1070 918 1210 972 sicut
1249 918 1504 987 diximUS,
1540 919 1777 987 peditem

85 993 352 1046 adiectam
398 992 648 1061 quintam
694 992 762 1045 ad
807 991 1000 1060 pedem
1048 992 1304 1061 accipere.
1393 991 1549 1045 Nihil
1593 993 1778 1062 itaque
1802 1008 1847 1041 1⁰

83 1066 319 1134 intersit,
365 1066 434 1118 ad
467 1068 476 1131 Ι
508 1082 796 1119 numerum
851 1068 1222 1134 computatum
1270 1066 1517 1134 quintam
1562 1070 1772 1135 partem
1791 1080 1939 1140 1331),

84 1140 395 1208 adiciamus,
428 1158 500 1192 an
529 1157 657 1192 vero
690 1158 755 1192 ex
786 1139 1144 1209 longitudine,
1182 1143 1244 1192 ut
1272 1157 1427 1208 nunc,
1457 1138 1552 1193 DC
1578 1140 1775 1209 pedum

82 1213 405 1267 deducamus
443 1215 659 1281 partem.
692 1216 916 1267 sextam.
970 1212 1186 1282 Reliqui
1216 1213 1521 1283 quingenti,
1559 1217 1643 1267 tot
1681 1214 1776 1268 ho-

0 1304 1 1310 *
82 1288 255 1340 mines
296 1287 476 1355 capiet
514 1287 921 1357 semistrigium.

231 1361 318 1413 36.
380 1359 438 1413 Si
483 1360 747 1414 habemus
802 1379 1084 1414 numerum
1134 1360 1247 1413 IIII
1291 1361 1466 1430 milia,
1519 1361 1777 1431 videmus,
1800 1376 1845 1410 15

85 1435 334 1504 quotiens
372 1434 694 1488 habeamus:
744 1434 886 1504 quod
934 1438 1018 1487 est
1065 1434 1248 1487 octies
1331 1434 1580 1487 Totidem
1619 1435 1777 1487 semi-

83 1508 279 1577 strigia
324 1510 632 1560 nascuntur.
715 1507 805 1560 Fit
852 1506 1056 1575 CCXL,
1112 1510 1167 1559 et
1215 1508 1517 1575 superiores
1566 1526 1780 1576 compu-

81 1582 189 1635 tati
234 1581 463 1634 alarium
508 1581 670 1649 pedes
711 1578 867 1634 CCC:
921 1580 986 1632 fit
1030 1581 1088 1633 in
1125 1599 1291 1633 unum
1330 1579 1492 1633 DXL.
1568 1581 1779 1634 Poterit

83 1673 200 1708 esse
238 1659 461 1708 tensura
500 1654 806 1708 cohortium
843 1653 950 1723 1113
989 1654 1198 1708 faciunt
1228 1653 1390 1724 pedes
1414 1652 1675 1723 DCCXX,
1714 1673 1778 1708 ex

83 1728 279 1798 quibus
319 1727 552 1796 decedit,
605 1728 749 1796 quod
793 1746 1048 1781 numerus
1096 1731 1344 1797 occupat,
1397 1728 1560 1797 pedes
1606 1728 1776 1781 DXL:
1801 1744 1847 1776 2⁰

81 1802 279 1868 reliqui
316 1802 480 1870 pedes
521 1800 784 1871 CLXXX,
825 1821 930 1871 quo
966 1801 1046 1854 VI
1086 1802 1420 1872 semistrigia
1457 1805 1776 1871 nascuntur3

82 1878 144 1928 ut
180 1893 322 1928 nunc
359 1875 620 1928 vicinaria
657 1876 748 1928 via
787 1894 947 1945 super
985 1875 1267 1929 cohortem
1301 1879 1308 1941 Ι
1341 1876 1596 1946 primam,
1645 1877 1776 1929 item
1797 1894 1937 1947 1342,

82 1966 307 2002 numero
348 1951 606 2017 quattuor
644 1949 841 2017 pedum
881 1950 1096 2002 denum:
1136 1950 1200 2002 fit
1238 1950 1296 2001 in
1333 1950 1448 2002 vias
1480 1950 1642 2019 pedes
1667 1950 1777 2003 LX.

80 2022 299 2091 Reliqui
336 2022 498 2090 pedes
524 2021 691 2091 CXX,
731 2041 866 2092 quos
900 2023 1132 2075 scamnis
1165 2023 1508 2076 tribunorum
1542 2027 1596 2075 et
1628 2024 1779 2094 lega-

86 2173 108 2211 1
143 2166 398 2211 emistricia
533 2172 558 2210 2
584 2168 637 2211 fit
670 2181 723 2212 00
861 2166 981 2211 aliae
1012 2166 1142 2211 mille
1173 2166 1450 2224 pedaturam
1480 2181 1594 2213 corr.
1628 2168 1672 2211 L

1177 2237 1198 2260 ο
1261 2232 1269 2242 ἃ

85 2275 112 2314 3
139 2269 260 2315 sicut
289 2271 628 2314 retentaturam
748 2275 776 2314 4
801 2271 925 2326 quod
956 2269 1245 2326 aemistrigia
1274 2271 1528 2315 nascuntur
1558 2284 1670 2316 corr.
1690 2270 1780 2314 Βοὴ

142 2333 168 2373 5
199 2328 607 2384 valetudinarium,
638 2329 984 2373 veteranarium
1016 2343 1129 2376 cor-r.
1148 2330 1236 2375 Βοὴ
1326 2335 1352 2374 6
1384 2328 1445 2373 ad
1477 2329 1537 2373 do
1561 2328 1776 2373 homines

141 2402 275 2446 VIIII
397 2408 422 2447 7
457 2401 652 2447 dimidia
683 2418 798 2449 corr.
836 2404 925 2450 Βοὴ
1044 2394 1138 2447 11—11
1166 2403 1206 2446 D
1237 2403 1328 2448 hoc
1360 2402 1450 2447 erit
1480 2417 1595 2449 corr.
1614 2403 1657 2447 L

84 2466 110 2506 9
143 2460 269 2516 quod
298 2460 526 2515 homines,
557 2463 741 2507 addidit
772 2463 860 2508 Βοὴ
889 2463 940 2507 D
1099 2463 1237 2520 capet
1276 2462 1382 2518 sitq.
1423 2477 1537 2507 corr.
1571 2462 1659 2509 Βοὴ

1112 2533 1138 2555 n

85 2569 139 2608 11
171 2577 233 2607 an
263 2563 324 2607 ad
354 2578 596 2608 numerum
626 2565 670 2609 L
701 2567 829 2611 eiecit
859 2581 923 2611 an
1043 2566 1225 2623 quitam
1348 2571 1401 2611 12
1435 2579 1491 2609 ex
1521 2564 1777 2622 longitudi-

83 2634 193 2665 nem
285 2628 338 2667 13
363 2623 547 2680 partem
570 2623 636 2668 Ἦ
726 2624 904 2681 relique
929 2625 1210 2683 quingentos
1305 2629 1360 2669 14
1386 2623 1718 2668 aemistricium

87 2699 142 2739 15
174 2693 266 2739 Sed
294 2696 521 2741 habemus
545 2711 787 2743 numerum
811 2689 902 2745 ITH‘
994 2705 1047 2744 16
1072 2699 1223 2743 habeo
1256 2712 1368 2744 corr.
1389 2699 1433 2742 L
1548 2697 1672 2754 quod
1704 2699 1778 2741 est

82 2753 194 2798 VIII
314 2760 369 2799 17
401 2756 638 2814 aestrigia.
778 2763 832 2804 19
856 2759 1072 2804 tenturae
1104 2758 1321 2803 cohortes
1353 2757 1420 2801 III
1452 2771 1566 2803 corr.
1601 2757 1687 2802 Βοὴ

85 2817 142 2856 20
165 2812 308 2870 pedes
342 2812 493 2858 CCXL
525 2830 637 2862 corr.
671 2816 772 2861 Βοὴ.
908 2822 962 2861 21
990 2817 1114 2874 quod
1146 2816 1415 2909 virestrigdas
1449 2830 1563 2861 corr.
1597 2816 1687 2860 Βοὴ

86 2919 142 2959 22
167 2914 279 2958 iuua
310 2929 448 2972 super
537 2923 592 2963 23
618 2919 672 2964 fit
694 2919 824 2964 invia
846 2934 959 2967 corr.
979 2920 1068 2967 Βοὴ
1158 2924 1216 2965 24
1238 2918 1534 2975 quosimanes
1559 2932 1672 2964 corr.
1688 2917 1777 2962 Βοὴ

176 2996 376 3041 Gemoll,
400 2999 587 3039 Hyginus.
1482 2997 1507 3035 3
