2026 3192
379 149 562 194 LIBER
591 149 673 193 DE
704 147 1150 194 MUNITIONIBUS
1184 148 1563 195 CASTRORUM.
1751 151 1822 205 35

137 286 205 339 ad
243 303 524 339 numerum
563 284 927 337 centuriarum
958 284 1317 353 pertinentem
1356 285 1566 338 intento
1608 285 1826 355 ingenio

137 359 432 428 elaboravi,
491 361 576 427 ut,
652 358 699 411 si
761 358 1018 428 dignatus
1086 357 1254 410 fueris
1314 358 1616 429 iniungere,
1679 360 1828 412 novi-

135 437 307 487 tatem
346 432 661 485 metationis
709 431 777 485 ad
822 430 1252 501 magnitudinem
1298 435 1448 485 tuam
1496 433 1702 501 primus
1742 433 1830 486 ad-

136 507 330 576 feram,
385 524 522 576 quae
568 505 672 559 tibi
720 522 878 574 spero
924 504 1182 574 placebit,
1237 506 1283 558 si
1329 506 1565 575 primum
1613 506 1830 560 cotidia-

135 599 263 634 nam
301 580 655 633 metationem
693 578 970 632 tractabis,
1854 594 1875 627 5

284 655 372 708 48.
410 652 569 707 Nunc
606 652 963 706 munitionem
995 656 1297 706 castrorum
1338 657 1392 706 et
1425 654 1656 723 reliqua,
1696 672 1832 723 quae

137 727 382 798 pluribus
438 730 684 780 auctores
735 727 1089 796 scripserunt,
1143 726 1380 779 breviter
1431 727 1780 796 perferamus.
1825 726 1990 800 11363,Ζ

138 801 375 855 Munitio
440 801 784 855 aestivalium
846 800 1168 854 observatur
1230 801 1518 870 generibus
1578 802 1835 871 quinque:

141 875 304 944 fossa,
341 875 502 943 vallo,
540 875 784 943 cervolis,
824 874 1004 943 armiS‚
1043 890 1257 945 aggere.

285 950 373 1003 49.
410 947 585 1002 Fossa
620 949 741 1001 loco
789 948 1047 1001 securiori
1093 966 1256 1001 causa
1295 949 1637 1019 disciplinae,
1685 949 1833 1002 cuius
1861 963 1904 996 10

138 1023 344 1093 species
399 1026 483 1076 est
534 1022 798 1092 fastigata
851 1022 938 1074 vel
987 1022 1199 1091 punica.
1285 1022 1572 1092 Fastigata
1626 1023 1836 1092 dicitur,

137 1115 272 1166 quae
320 1115 353 1150 a
400 1114 611 1149 summa
655 1095 944 1149 latitudine
991 1096 1254 1149 lateribus
1301 1097 1516 1150 devexis
1564 1097 1622 1149 in
1669 1113 1835 1166 angu-

139 1171 300 1224 stiam
348 1170 416 1223 ad
469 1169 645 1223 solum
693 1169 984 1222 coniuncta
1031 1172 1291 1239 pervenit.
1373 1169 1579 1223 Punica
1625 1170 1836 1240 dicitur,

139 1262 277 1314 quae
315 1245 485 1297 latere
518 1243 767 1296 exteriori
799 1243 867 1296 ad
899 1243 1341 1312 perpendiculum
1374 1244 1640 1315 dirigitur.
1695 1242 1833 1296 Con-

136 1319 366 1371 trarium
406 1318 665 1371 devexum
710 1317 796 1385 fit,
852 1317 1121 1386 quomodo
1175 1318 1232 1370 in
1278 1318 1554 1388 fastigata.
1632 1316 1832 1379 Quibus
1860 1331 1901 1363 15

137 1392 368 1445 latitudo
429 1391 546 1445 dari
600 1391 795 1444 debeat
850 1390 919 1443 ad
973 1391 1255 1444 minimum
1321 1391 1518 1462 pedum
1579 1391 1835 1461 quinque3

139 1466 309 1518 altum
361 1465 524 1534 pedes
578 1467 706 1519 tres,
788 1463 1072 1535 Regressis
1125 1465 1353 1534 pedibus
1409 1465 1638 1518 exterius
1687 1482 1834 1517 sexa-

139 1539 294 1609 ginta
338 1558 434 1609 per
479 1538 824 1592 latitudinem
877 1540 1158 1607 portarum
1208 1539 1458 1592 similiter
1502 1539 1650 1592 fossa
1685 1541 1692 1603 1
1725 1539 1992 1609 fiet,136a,

138 1613 280 1683 quod
318 1615 543 1682 propter
581 1612 904 1666 brevitatem
942 1612 1163 1665 titulum
1203 1614 1649 1682 cognominatum
1688 1615 1783 1666 est.

286 1687 373 1740 50.
418 1685 641 1739 Vallum
687 1686 807 1739 loco
855 1686 1174 1754 suspectiori
1221 1687 1397 1740 extrui
1437 1687 1597 1740 debet
1635 1687 1834 1755 cespite
1859 1700 1904 1732 20

140 1764 236 1813 aut
273 1760 469 1830 lapide,
511 1778 642 1813 saxo
683 1760 796 1813 sive
835 1763 1133 1813 caemento.
1212 1759 1424 1814 Sufficit
1462 1760 1633 1814 latum
1671 1761 1835 1829 pedes

141 1832 302 1903 VIII,
355 1834 530 1887 altum
574 1834 737 1903 pedes
775 1831 877 1904 VI;
916 1835 971 1886 et
1007 1833 1180 1887 lorica
1216 1852 1385 1903 parva
1420 1835 1499 1889 fit.
1576 1833 1836 1887 Similiter

140 1910 267 1961 ante
313 1911 503 1977 portas
539 1910 603 1960 ut
639 1907 885 1975 titulum,
938 1910 1022 1959 est
1058 1907 1208 1961 fossa
1252 1909 1320 1961 ad
1358 1909 1579 1962 vallum.
1658 1906 1834 1960 Causa

143 1981 515 2035 instructionis
555 1984 805 2034 sanctum
844 1982 927 2033 est
965 1982 1424 2051 cognominatum.

459 2136 557 2159 nem

145 2175 166 2214 1
195 2171 267 2229 77
290 2168 497 2227 pertinet
578 2168 813 2214 intentato
891 2174 917 2214 2
943 2169 1182 2214 elaborabi
1265 2175 1291 2214 3
1316 2169 1491 2227 primos
1565 2176 1592 2214 4
1618 2169 1834 2215 cottidia-

136 2241 246 2273 nam
338 2234 363 2274 '¹1
389 2227 615 2274 auctorib.
636 2227 922 2272 scribserunt
943 2227 1150 2273 brebiter
1240 2234 1267 2274 8
1284 2229 1592 2273 munitionem
1625 2229 1833 2273 extinua-

139 2332 255 2377 lium
376 2299 502 2389 quid.
625 2337 651 2376 9
676 2331 804 2376 ballo
830 2331 1015 2389 agmine
1048 2332 1295 2390 agremmis
1327 2346 1440 2378 corr.
1461 2332 1548 2378 seh
1579 2337 1619 2377 et
1652 2333 1833 2377 addidit

140 2396 244 2436 ante
275 2390 416 2435 armis
443 2393 451 2447 Ι
480 2390 678 2435 cervolis
780 2396 836 2435 10
861 2391 1107 2436 securioris
1133 2405 1299 2436 causae
1323 2391 1572 2449 discipline
1598 2405 1710 2438 corr.
1731 2390 1829 2436 Βοὴ.

202 2499 253 2538 11
282 2454 475 2551 ερθοὶἓῗ
492 2461 695 2550 ἙεΞῑὶςαῇα
817 2500 871 2538 12
901 2508 1127 2538 summam
1157 2493 1457 2539 latitudinem
1577 2493 1765 2538 debexis

142 2558 195 2598 13
220 2552 432 2598 tedolum
463 2566 576 2598 corr.
596 2552 684 2599 Sch
787 2553 1069 2611 perveniunt
1162 2558 1215 2598 14
1238 2553 1377 2598 lateri
1471 2559 1525 2598 15
1550 2552 1613 2597 sit
1636 2552 1760 2609 quod
1783 2551 1849 2595 in>

139 2610 339 2670 fatigata
369 2625 482 2659 corr.
501 2611 591 2705 Sc?
691 2617 744 2657 16
761 2612 929 2670 pedem
961 2611 1164 2669 quinque
1258 2617 1312 2657 19
1338 2613 1523 2669 praeter
1550 2612 1832 2657 brebitatem

144 2718 202 2759 20
224 2714 408 2759 Ballum
507 2714 636 2759 exrui
743 2721 797 2760 21
825 2729 936 2761 asxo
969 2730 1080 2762 corr.
1100 2715 1232 2761 Scriv
1354 2715 1557 2759 cimento
1649 2713 1771 2756 latus

143 2822 198 2863 22
223 2817 430 2875 perbesis
463 2812 576 2866 coir.
594 2818 685 2865 Sch
775 2824 830 2864 23
853 2786 999 2876 portaf
1021 2821 1074 2863 ut
1104 2817 1269 2863 titulus
1303 2817 1363 2862 ad
1388 2817 1536 2863 fossas
1569 2817 1629 2861 ad
1652 2814 1831 2859 ballum

206 2889 371 2921 causae
493 2883 550 2923 24
576 2881 784 2924 sanctam
816 2891 915 2923 esse
949 2878 1327 2935 cognominatum
