2032 3192
736 181 1099 227 PRAEFATIO.
1699 182 1769 236 15

78 337 202 371 rens
256 319 324 372 ad
375 318 613 387 priorem
660 315 876 386 ‘puncto
924 316 1132 369 mediae
1169 315 1395 386 portae'.
1476 316 1623 379 Quae
1668 317 1771 372 hoc

78 393 198 446 loco
237 392 492 462 Hyginus
532 391 806 459 describit,
851 408 1072 460 prorsus
1118 408 1231 442 non
1276 390 1546 444 intellexit
1584 390 1768 462 Lange

78 466 145 519 cf.
183 483 235 532 p.
267 466 501 519 207-9.
570 465 736 518 Putat
774 465 868 516 ille
909 463 1064 533 ‘quae
1101 482 1244 516 nunc
1280 467 1470 517 narrat
1499 463 1771 534 HyginuS,

77 539 295 593 illorum
334 557 558 608 operum
589 538 684 607 (sc.
714 537 886 608 tituli)
926 537 1313 591 accuratiorem
1352 537 1769 606 descriptionem

76 611 365 668 exhibere'.
440 611 543 665 Sed
582 612 896 665 omittamus
943 611 1100 664 illum
1149 613 1203 664 et
1241 610 1451 682 Hygini
1487 612 1652 664 verba
1690 614 1766 665 in-

76 686 381 755 spiciamus,
442 686 710 755 Apertum
743 687 846 754 est,
887 685 1205 754 scriptorem
1237 703 1337 738 nos
1363 685 1607 753 edocere,
1639 702 1768 755 quo-

78 761 237 815 modo
275 763 466 829 portae
506 760 711 829 optime
752 760 1117 812 obstruantur.
1169 758 1309 813 Eam
1342 759 1770 813 obstructionem

77 835 321 904 appellat
382 834 724 902 claviculam,
787 851 948 902 quam
1004 850 1134 886 cave
1195 851 1316 886 cum
1378 833 1542 885 titulo
1607 852 1770 902 supra

76 928 118 963 c.
150 909 238 962 49.
277 908 348 961 50
395 910 816 960 commemorato
855 906 1170 960 confundas.
1246 905 1525 960 Clavicula
1563 906 1643 960 ita
1682 925 1770 959 ex-

77 983 324 1036 struitur:
365 982 655 1035 circinatur
685 999 750 1032 ex
780 981 924 1033 linea
953 979 1211 1033 interiore
1242 980 1375 1033 valli
1407 979 1628 1049 ‘puncto
1661 999 1769 1033 me-

77 1057 196 1108 diae
242 1058 432 1124 portae
484 1054 739 1123 adaperto
787 1054 987 1106 circino
1036 1054 1105 1107 ad
1150 1053 1422 1108 cardinem
1467 1054 1675 1123 portae'
1715 1055 1770 1107 id

78 1133 160 1182 est
199 1148 263 1182 ex
302 1147 365 1182 eo
405 1131 607 1197 puncto
646 1128 920 1181 interioris
966 1128 1141 1181 lineae
1179 1127 1333 1196 valli,
1373 1127 1516 1197 quod
1562 1127 1770 1181 mediae

74 1206 286 1272 portae,
348 1221 510 1272 quam
571 1203 713 1254 inter
775 1201 1089 1255 interiorem
1145 1205 1200 1254 et
1254 1201 1578 1254 exteriorem
1637 1203 1771 1255 valli

73 1277 273 1334 lineam
303 1276 508 1345 cogites
541 1275 788 1343 mediam,
812 1276 1143 1329 contrarium
1169 1277 1265 1328 est.
1305 1273 1551 1328 Circinus
1577 1276 1769 1345 adape-

74 1351 214 1403 ritur
254 1349 320 1402 ad
359 1349 634 1403 cardinem
672 1352 860 1417 portae
901 1352 955 1402 et
995 1349 1361 1402 semicirculus
1395 1367 1459 1401 ex
1489 1349 1662 1402 altero
1703 1350 1770 1402 ad

74 1425 307 1477 alterum
336 1428 543 1494 portae
559 1423 830 1476 cardinem
860 1422 1106 1476 efficitur.
1165 1422 1288 1492 Via,
1321 1441 1427 1506 qua
1456 1423 1546 1476 via
1577 1423 1770 1491 princi-

71 1498 214 1567 palis
247 1501 342 1550 aut
371 1490 642 1566 praetoria
673 1497 1033 1565 continuatur,
1055 1500 1213 1550 vacat
1239 1515 1272 1548 a
1303 1497 1518 1550 circino
1566 1496 1770 1566 ‘Linea,

74 1590 211 1641 quae
251 1575 436 1625 centro
477 1569 692 1624 serviet'
733 1573 816 1623 est
855 1589 918 1623 ea
948 1588 1074 1639 pars
1106 1571 1281 1623 lineae
1313 1570 1589 1623 interioris
1622 1571 1769 1640 valli,

71 1663 207 1715 quae
245 1648 436 1714 portae
475 1644 728 1713 opposita
759 1646 857 1713 est,
894 1644 952 1696 in
985 1662 1105 1713 qua,
1143 1647 1205 1697 ut
1237 1662 1402 1713 supra
1434 1644 1767 1697 demonstra-

70 1719 269 1788 vimus,
322 1721 566 1772 centrum
612 1717 801 1771 ciiculi
851 1717 1016 1771 situm
1056 1721 1153 1770 est.
1228 1716 1315 1771 Ex
1354 1717 1542 1770 eodem
1582 1722 1766 1771 centro

74 1794 214 1846 alter
246 1793 475 1846 circulus
509 1791 743 1844 efficitur
776 1791 985 1844 adiecta
1016 1791 1304 1844 latitudine
1329 1792 1472 1843 valli.
1522 1791 1769 1861 Utraque

71 1867 218 1919 linea
257 1866 457 1919 desinit
494 1866 551 1919 in
589 1866 817 1933 vallum,
858 1865 1000 1934 quod
1033 1883 1227 1918 curvae
1266 1865 1394 1918 illae
1432 1865 1605 1918 lineae
1645 1883 1770 1919 con-

72 1940 302 1994 tinuant.
378 1940 500 1993 Tali
547 1939 705 1992 modo
746 1942 866 1992 tota
914 1942 1077 2007 porta
1115 1939 1324 1992 munita
1364 1942 1470 2005 est,
1524 1939 1643 1992 sola
1680 1940 1771 1992 via

72 2014 245 2067 libera
307 2033 339 2066 a
398 2013 698 2066 munitione
766 2012 957 2064 relicta
1019 2017 1116 2066 est.
1217 2010 1470 2065 Ceterum
1532 2013 1769 2082 effigiem

71 2087 229 2140 huius
270 2087 587 2155 claviculae,
643 2086 859 2156 qualem
907 2105 971 2139 ex
1009 2085 1218 2156 Hygini
1264 2086 1446 2139 verbis
1495 2088 1770 2154 constitui,

70 2161 235 2230 paulo
296 2161 563 2214 diversam
623 2160 764 2229 apud
808 2159 1148 2231 Daremberg
1203 2163 1257 2213 et
1305 2158 1493 2230 Saglio
1542 2161 1767 2213 diction-

71 2235 222 2287 naire
277 2235 368 2288 des
424 2234 718 2302 antiquites
767 2251 1025 2304 grecques
1081 2237 1136 2286 et
1189 2233 1459 2286 romaines
1511 2233 1768 2287 invenies.

72 2307 165 2360 Illi
204 2308 521 2361 claviculam
566 2308 834 2361 introrsus
881 2310 1182 2376 verterunt,
1235 2307 1293 2359 in
1345 2307 1485 2360 hanc
1536 2307 1769 2360 formam

107 2415 521 2484 nnn-mmmm&
558 2417 797 2465 ιι-ιιιιιιιι--ιιπιιπι-ι,
837 2414 939 2467 ego
978 2396 1033 2449 in
1067 2396 1386 2449 exteriorem
1417 2399 1651 2466 partem,
1691 2397 1770 2450 ita

10 2519 12 2522 ’
71 2523 185 2578 fere
230 2499 661 2585 mummmmnm-——WJQ
702 2526 923 2567 n'171—11fflm-11Qn

222 2632 265 2666 c.
297 2615 384 2667 57.
444 2632 562 2668 neve
612 2616 744 2682 forte
795 2617 983 2682 valles]
1055 2614 1228 2669 Malui
1288 2615 1571 2670 Arceriani
1628 2616 1769 2683 fossa

72 2685 231 2739 valles
275 2687 354 2740 ita
393 2690 661 2758 corrigere
710 2708 874 2759 quam
914 2708 1034 2742 cum
1072 2689 1283 2759 Langio
1333 2691 1566 2744 scribere
1602 2691 1770 2757 fossae

73 2763 169 2811 aut
202 2761 371 2825 valles,
412 2763 539 2831 quia
575 2781 686 2816 non
725 2764 1008 2817 credebam
1048 2763 1164 2816 fieri
1203 2782 1385 2833 posse,
1431 2768 1493 2817 ut
1531 2782 1627 2832 per
1665 2763 1769 2816 fos-

77 2850 163 2885 sas
205 2835 468 2888 exercitus
509 2840 603 2890 aut
642 2838 908 2890 exercitus
940 2855 1082 2905 pars,
1123 2841 1325 2907 quanta
1361 2838 1620 2907 perniciei
1652 2855 1769 2890 esse

74 2909 281 2974 posset,
320 2925 555 2976 unquam
595 2912 878 2980 obreperet
917 2910 1128 2963 castris,

162 3000 362 3043 Gemoll,
395 3002 582 3043 Hyginus.
745 3015 1098 3020 ——-—-
1473 3001 1498 3039 2
