2032 3192
824 171 1188 217 PRAEFATIO.
1821 173 1855 225 3

311 308 484 371 Quam
517 307 896 362 collectionem
922 308 1039 360 sine
1064 325 1230 376 opera
1254 306 1585 375 amplificare
1617 324 1856 376 possum,

160 402 211 435 v.
235 399 285 452 g.
322 399 432 435 non
461 381 837 450 praetereundi
869 384 1026 434 erant
1057 400 1089 434 a
1112 379 1323 450 Langio
1356 380 1486 449 loci,
1521 379 1716 449 quibus
1750 381 1855 434 alio

162 459 462 508 atramento
503 455 707 525 aliquid
746 472 909 524 supra
946 455 1147 507 lineam
1180 454 1442 522 scriptum
1474 456 1572 522 est,
1609 472 1738 507 nam
1764 472 1856 507 eae

160 529 518 583 correctiones
559 529 627 582 ad
665 529 717 582 A
754 529 999 598 proxime
1038 528 1320 597 accedunt,
1372 528 1453 580 ita
1490 530 1552 579 ut
1590 526 1655 595 O,
1706 531 1857 596 post-

159 621 321 672 quam
360 606 610 656 exaratus
649 606 748 672 est,
786 621 850 655 ex
883 602 1063 655 codice
1106 606 1201 655 aut
1230 601 1282 654 A
1319 602 1440 670 ipso
1482 604 1576 654 aut
1606 600 1656 653 A
1690 601 1858 654 simil·

158 677 289 730 limo
329 677 647 730 emendatus
687 694 804 729 esse
841 676 1107 730 videatur.

307 769 412 824 Sed
442 773 553 825 iam
583 771 744 835 redeo
785 771 853 824 ad
894 789 972 840 ea,
1011 789 1147 840 quae
1181 789 1343 839 supra
1374 770 1622 838 exposui3
1662 770 1774 823 dixi
1807 771 1857 823 A

160 846 335 898 solum
373 846 767 915 respiciendum
806 863 939 912 esse,
977 844 1023 898 B
1066 847 1120 897 et
1159 843 1201 898 C
1241 862 1306 896 ex
1340 843 1391 896 A
1431 847 1524 897 aut
1563 847 1711 897 recta
1751 845 1856 898 ori·

158 919 285 989 gine
318 923 413 972 aut
445 920 765 989 ambagibus
796 919 1032 972 fluxisse.
1089 917 1147 971 Si
1178 919 1259 971 ita
1291 920 1389 986 est,
1420 917 1638 971 libellus
1669 922 1859 972 noster

159 995 214 1045 et
253 993 413 1046 titulo
452 995 513 1047 de
550 993 923 1046 munitionibus
960 995 1246 1046 castrorum
1285 994 1340 1044 et
1375 990 1597 1061 Hygino
1639 995 1857 1045 auctore

155 1067 419 1134 privatur.
491 1065 636 1119 Nam
673 1065 860 1136 Lange
898 1067 1015 1135 ipse
1052 1065 1258 1119 fatetur
1288 1065 1530 1135 prolegg.
1554 1084 1605 1134 p.
1624 1066 1693 1119 37
1729 1065 1857 1134 ‘Hy-

158 1141 275 1210 gini
312 1158 509 1194 nomen
549 1140 747 1194 codicis
786 1140 1071 1193 Arceriani
1116 1139 1439 1193 auctoritate
1484 1157 1594 1191 non
1638 1138 1858 1193 fulciri'.

154 1213 349 1267 Frater
379 1214 596 1284 quidem
627 1232 777 1287 meus
812 1213 1065 1281 [Hermes
1097 1213 1205 1266 vol.
1229 1212 1309 1265 XI
1339 1213 1532 1282 p.164]
1565 1232 1675 1267 non
1701 1213 1857 1266 dubi-

155 1288 292 1341 tavit
346 1288 669 1342 contendere
723 1288 972 1341 libellum
1032 1290 1282 1340 nostrum
1343 1304 1455 1339 non
1509 1287 1577 1340 ab
1634 1286 1856 1357 Hygino

155 1361 377 1414 Traiani
416 1362 653 1431 aequali,
690 1362 746 1414 id
786 1361 929 1430 quod
962 1360 1147 1430 Lange
1186 1361 1377 1429 voluit,
1422 1361 1685 1429 scriptum
1725 1379 1858 1430 esse,

159 1435 252 1488 sed
291 1435 359 1488 ab
401 1440 619 1489 auctore
665 1435 858 1506 ignoto
908 1439 1037 1504 post
1074 1435 1461 1503 imperatorem
1502 1432 1857 1500 Caracallam.

158 1507 260 1563 Cui
300 1527 400 1580 ego
443 1509 730 1578 adsentior,
769 1509 862 1578 qui
901 1508 1110 1562 codices
1142 1508 1267 1561 illos
1303 1509 1608 1561 accuratius
1639 1509 1858 1562 investi·

159 1583 358 1651 garim3
416 1586 602 1636 tamen
653 1583 854 1636 retinui
901 1583 1125 1636 titulum
1162 1582 1370 1651 Hyyini
1413 1583 1687 1650 qromatici
1734 1583 1859 1636 liber

156 1657 216 1709 de
269 1658 644 1710 munitionibus
698 1661 1006 1726 castrorum,
1070 1657 1198 1725 quia
1258 1656 1401 1709 ullus
1465 1656 1656 1708 titulus
1713 1659 1857 1710 certe

157 1730 347 1784 libello
393 1730 777 1800 relinquendus
833 1733 952 1783 erat
1006 1733 1060 1782 et
1111 1730 1313 1799 optime
1361 1729 1575 1800 quidem
1625 1730 1697 1800 is,
1751 1749 1855 1800 quo

157 1803 330 1858 adhuc
368 1804 639 1857 utebatur.

303 1899 369 1953 In
399 1903 555 1953 textu
577 1899 905 1954 recensendo
932 1899 1111 1953 solum
1135 1899 1373 1954 codicem
1397 1898 1464 1968 A,
1492 1900 1643 1952 cuius
1667 1900 1855 1953 lectio-

155 1991 252 2026 nes
300 1974 476 2026 textui
522 1974 749 2042 subieci,
803 1976 1016 2027 secutus
1065 1992 1207 2041 sum3
1263 1973 1396 2026 satis
1438 1973 1728 2043 diligenter
1767 1974 1854 2027 de-

162 2047 396 2116 scriptus
422 2050 506 2100 est
531 2047 672 2116 apud
686 2046 958 2116 Langium
982 2047 1479 2118 prolegg.p.8—18
1507 2051 1560 2100 et
1575 2046 1855 2101 Blumium

157 2120 242 2174 die
283 2119 559 2174 Schriften
598 2121 692 2174 der
730 2126 863 2174 rom.
885 2119 1226 2174 Feldmesser
1263 2120 1319 2174 II
1357 2139 1408 2189 p.
1443 2121 1638 2174 6—27.
1704 2121 1855 2184 Quae

154 2194 212 2246 in
251 2213 313 2248 eo
353 2195 644 2248 manifesto
691 2213 943 2263 perverse
984 2195 1189 2263 scripta
1227 2199 1395 2262 erant,
1441 2194 1654 2247 medela
1693 2196 1855 2248 corri-

156 2284 284 2337 gere
323 2268 521 2337 studui‚
552 2271 790 2321 ceterum
830 2271 885 2321 et
924 2268 1123 2322 codicis
1163 2268 1334 2337 ipsius
1373 2267 1585 2321 litteras
1626 2272 1680 2321 et
1708 2269 1854 2337 prio-

154 2360 276 2394 rum
327 2342 598 2395 editorum
647 2342 1031 2411 correctioneS‚
1087 2342 1265 2412 quoad
1320 2341 1433 2394 01118
1487 2342 1607 2395 fieri
1658 2343 1855 2411 potuit,

156 2415 297 2467 colui
345 2418 398 2468 et
434 2416 656 2484 retinui,
708 2417 835 2485 quia
884 2419 1093 2485 vetera,
1147 2433 1283 2484 quae
1334 2415 1550 2484 quidem
1600 2419 1656 2469 et
1710 2416 1854 2469 bona

156 2489 289 2557 sint,
326 2507 604 2542 reservare
643 2489 915 2558 imprimis
956 2489 1177 2542 editoris
1218 2507 1334 2542 esse
1374 2489 1588 2542 credidi.
1659 2488 1884 2559 Itaque*

155 2561 424 2632 Langium
457 2563 623 2615 etiam
655 2563 713 2615 in
738 2563 1011 2632 capitibus
1036 2563 1427 2617 constituendis
1462 2566 1677 2616 secutus
1710 2581 1851 2630 sum3

156 2639 346 2689 contra
384 2636 699 2705 saepissime
739 2636 898 2690 aliter
935 2637 1262 2705 interpunxi.

302 2724 418 2777 Iam
454 2727 674 2778 transeo
721 2724 790 2777 ad
829 2724 1188 2778 defendendos
1241 2725 1451 2794 aliquot
1497 2725 1644 2778 locos
1694 2743 1726 2776 a
1765 2742 1851 2777 me

158 2797 484 2851 emendatos,

305 2903 346 2937 c.
391 2887 436 2937 1.
503 2886 594 2953 qui
639 2887 917 2940 decurrunt
958 2888 1016 2940 in
1070 2887 1384 2955 lonyitudine
1424 2887 1615 2954 pedum
1663 2885 1847 2951 CXX]
