2032 3192
0 248 5 284 s

0 330 6 377 l

0 438 5 502 ἒ

0 510 7 553 l

806 180 1166 226 PRAEFATIO.
1775 184 1798 231 1
1807 181 1840 233 3

151 318 554 372 vexillariorum
617 315 901 368 minimum
971 333 1087 368 esse
1156 333 1452 368 numerum.
1534 314 1709 384 Atqui
1775 334 1842 369 ne

151 393 344 446 cohors
396 390 614 459 quidem
663 389 962 459 legionaria
1007 389 1331 459 quingentos
1377 389 1626 442 homines
1676 389 1843 442 habet

150 467 215 519 cf.
255 484 299 518 c.
334 467 381 533 1,
421 466 624 533 quanto
657 464 834 516 minus
865 462 1156 516 vexillarii!
1215 462 1517 515 Identidem
1556 463 1614 515 in
1652 466 1840 516 nostro

147 539 360 592 numeri
400 540 707 606 occurrunt,
754 554 888 606 quos
938 540 1183 589 accurate
1232 535 1469 589 dividere
1506 554 1615 589 non
1654 554 1841 605 possu-

149 631 286 683 mus,
326 629 488 681 quare
528 610 578 663 A
619 613 830 663 secutus
871 608 1084 664 GIODC
1122 610 1335 662 retinui.

296 685 515 739 cohortes
551 685 804 752 equitatae
839 684 1101 736 miliariae
1138 683 1272 749 III]
1319 682 1503 754 Lange
1550 702 1659 737 non
1697 688 1842 736 recte

148 760 299 830 legit,
336 760 392 812 in
431 758 483 811 A
520 759 878 827 perscriptum
917 761 1002 810 est
1030 756 1138 825 III,
1178 761 1544 810 atramentum
1582 758 1640 809 in
1679 758 1844 810 tertia

148 834 295 887 linea
332 834 509 885 minus
549 833 764 901 nigrum
811 833 916 898 est,
970 830 1064 883 sed
1110 831 1309 883 lineam
1355 832 1534 900 ipsam
1582 831 1725 885 clare
1763 850 1843 884 re-

151 907 382 976 cognovi
422 907 478 958 in
517 905 847 958 bibliotheca
878 903 1305 973 Guelferbytana
1335 904 1686 958 Arcerianum
1725 923 1848 977 per·

151 984 414 1034 scrutans,
490 979 797 1042 Praeterea,
849 978 895 1031 si
943 978 1178 1046 amplius
1224 978 1456 1031 testibus
1504 996 1638 1047 opus
1687 982 1844 1048 esset,

149 1054 353 1108 codices
393 1053 438 1105 B
479 1055 534 1105 et
573 1051 615 1105 C
652 1054 842 1105 notam
879 1050 961 1104 III
1000 1051 1270 1104 exhibent.

295 1145 336 1181 c.
368 1126 454 1180 35.
515 1124 647 1179 &hm
683 1126 940 1193 pedatura
998 1126 1387 1193 valetudinarii,
1441 1127 1740 1179 veterinarii
1795 1131 1845 1179 et

145 1201 398 1270 fabricae,
450 1217 580 1267 quae
625 1200 684 1252 in
727 1216 892 1252 antem
937 1200 1010 1252 ad
1043 1198 1148 1252 DC
1187 1199 1416 1252 homines
1452 1202 1840 1267 conmutantur]

149 1274 335 1344 Lange
374 1293 424 1342 p.
461 1274 565 1326 186
604 1287 889 1326 numerum
926 1271 1044 1340 DC,
1085 1273 1177 1342 qui
1214 1273 1274 1325 in
1304 1271 1355 1325 A
1396 1275 1588 1342 exstat,
1637 1273 1843 1342 ‘utique

150 1346 484 1416 corruptum’
518 1365 634 1400 esse
665 1346 941 1415 iudicavit,
981 1350 1310 1415 quapropter
1334 1345 1427 1400 OD
1451 1347 1684 1416 scripsit.
1739 1345 1843 1399 Sed

148 1423 386 1490 primum
427 1421 539 1474 eius
580 1421 824 1488 opinioni
868 1422 1175 1490 repugnant
1219 1420 1383 1473 verba
1424 1438 1467 1473 c.
1498 1421 1535 1473 4
1575 1439 1652 1474 ex.
1694 1420 1843 1490 ‘quo-

147 1513 267 1547 rum
308 1493 493 1565 (valet.
517 1497 682 1547 veter.
705 1491 971 1564 fabricae)
1011 1493 1276 1562 pedatura
1309 1495 1368 1546 in
1398 1495 1629 1562 simulas
1658 1496 1843 1562 speeies

148 1569 217 1621 ad
254 1568 502 1621 homines
543 1565 629 1620 OG
671 1568 810 1620 solet
849 1566 1188 1636 computari'‚
1235 1586 1371 1636 quae
1415 1585 1525 1620 non
1565 1568 1724 1621 aliter
1761 1569 1841 1620 in-

149 1642 336 1711 tellegi
373 1644 622 1710 possunt,
666 1640 775 1693 nisi
812 1643 874 1693 ut
911 1641 969 1693 in
1006 1659 1172 1693 unum
1220 1641 1286 1693 ad
1323 1639 1420 1694 DC
1460 1641 1730 1711 homines„
1783 1645 1844 1694 ut

148 1718 336 1768 nostro
376 1716 493 1767 loco
533 1714 736 1767 factum
776 1717 881 1782 est,
921 1717 1313 1783 computentur.
1373 1714 1580 1767 Deinde
1612 1716 1670 1767 in
1702 1733 1841 1768 com-

149 1789 429 1857 putatione
462 1788 754 1857 copiarum,
787 1806 923 1857 quae
954 1788 1011 1840 in
1042 1791 1391 1856 praetentura
1420 1789 1665 1858 tendunt,
1700 1807 1843 1842 erro-

149 1881 264 1914 rem
303 1862 591 1915 commisit.
660 1859 869 1914 Cohors
908 1861 1087 1930 prima
1123 1879 1234 1914 non
1272 1862 1339 1915 ad
1380 1860 1610 1931 CIOCC,
1649 1863 1742 1916 sed
1775 1863 1842 1915 ad

150 1934 266 1990 OIO
320 1935 567 1988 homines
622 1938 980 2003 computatur.
1072 1935 1227 1998 Quod
1279 1935 1440 1989 facile
1487 1936 1741 2006 elucebit,
1795 1937 1842 1988 si

152 2008 430 2062 cohortem
475 2008 775 2077 peditatam
815 2009 1227 2077 quingenariam
1278 2011 1332 2062 et
1379 2009 1671 2062 miliariam
1721 2028 1841 2062 con-

151 2082 579 2135 sideraverimus
655 2081 982 2135 Vexillarios
1029 2082 1285 2152 legioniS‚
1339 2082 1590 2136 cohortes
1634 2084 1841 2152 pedita-

147 2160 262 2209 tam
292 2156 704 2224 quingenariam
745 2159 799 2208 et
829 2155 1186 2225 legionariam
1219 2175 1283 2209 ex
1315 2174 1485 2225 aequo
1523 2157 1840 2210 aestimatas

148 2247 265 2282 esse
304 2229 566 2298 probatur
606 2248 647 2282 c.
678 2230 738 2298 4,
791 2230 886 2282 ubi
930 2230 1159 2299 legimus
1212 2248 1372 2298 super
1418 2229 1696 2283 cohortem
1734 2230 1841 2299 pri-

149 2321 296 2355 mam
337 2305 391 2355 et
428 2302 736 2356 vexillarios
784 2306 838 2355 et
877 2303 1156 2356 cohortem
1199 2303 1499 2372 peditat-am
1547 2304 1839 2373 quingena·

149 2375 287 2427 riam
327 2379 381 2428 et
419 2376 777 2444 legionariam
815 2377 946 2444 poni
976 2394 1150 2446 posse.
1212 2394 1255 2430 c.
1287 2377 1321 2430 5
1349 2377 1425 2429 in.
1457 2376 1710 2446 Hyginus
1749 2377 1840 2431 do·

151 2451 251 2517 cet,
274 2449 585 2502 vexillarios
611 2449 678 2502 ad
703 2453 1050 2503 sexcentenos
1074 2450 1320 2503 homines
1346 2452 1647 2518 computari
1672 2469 1839 2520 aeque

150 2540 212 2575 ac
252 2522 532 2576 cohortem
569 2523 932 2592 legionariam.
994 2523 1080 2576 Ad
1119 2524 1346 2577 eundem
1383 2542 1664 2577 numerum
1697 2543 1839 2577 com-

148 2598 371 2662 putatur
421 2596 615 2650 cohors
662 2596 904 2664 peditata
951 2597 1327 2667 quingenaria,
1381 2597 1507 2666 quia
1558 2616 1600 2650 c.
1640 2599 1710 2651 28
1759 2598 1838 2650 VI

151 2669 423 2722 centuriae
477 2670 526 2722 ei
582 2670 967 2725 attribuuntur.
1053 2669 1258 2725 Contra
1309 2672 1367 2725 in
1420 2671 1607 2724 eodem
1663 2672 1839 2739 capite

149 2741 402 2812 traditur,
454 2743 754 2811 peditatam
808 2744 1099 2798 miliariam
1153 2744 1203 2797 X
1265 2745 1533 2799 centurias
1579 2745 1837 2798 habuisse

150 2814 204 2866 id
251 2818 333 2867 est
370 2815 661 2870 miliariam
709 2817 776 2870 ad
824 2815 937 2874 Clo
984 2818 1231 2872 homines
1284 2821 1653 2887 computatam
1704 2835 1837 2872 esse.

149 2885 299 2940 Idem
339 2889 482 2942 cadit
518 2889 575 2942 in
612 2890 891 2944 cohortem
930 2892 1162 2960 primam
1203 2892 1570 2962 legionariam,
1607 2892 1662 2944 id
1695 2890 1836 2959 quod
