2026 3192
205 115 276 169 36
899 116 1118 161 HYGINI

353 250 440 304 51.
497 249 710 305 Cervoli
762 252 940 306 trunci
992 253 1209 306 ramosi.
1293 251 1380 306 Ad
1433 253 1531 307 hos
1584 253 1898 325 decurritur,

207 325 253 377 si
293 324 396 377 soli
434 328 631 379 natura
668 326 836 379 nimia
874 327 1160 379 teneritate
1196 345 1380 395 cespes
1418 326 1690 397 frangitur
1725 346 1896 398 neque

205 398 385 466 lapide
431 398 621 452 mobili
666 400 771 452 nisi
818 400 1200 484 confragosum
1246 400 1450 454 vallum
1497 402 1670 454 extrui
1715 405 1898 471 potest

204 489 304 524 nec
342 472 492 525 fossa
529 473 667 542 fieri,
705 476 767 526 ut
803 492 916 527 non
953 474 1104 542 ripae
1144 474 1410 527 decidant.

45 573 184 630 1361)
355 545 442 598 52.
499 515 756 608 Quotiens
797 548 997 600 cervoli
1028 547 1223 600 desunt
1253 550 1309 600 et
1338 549 1421 600 est
1457 548 1605 601 locus
1640 546 1648 618 Ι
1685 567 1897 619 suspec-

161 651 182 682 6
207 619 329 688 tior,
375 637 648 673 armorum
696 620 969 674 ordinibus
1015 620 1127 674 IIII
1173 623 1352 674 castra
1390 621 1663 691 muniunt,
1701 626 1763 675 ut
1801 641 1899 692 per

206 693 449 762 singulos
490 694 704 747 ordines
745 694 962 764 vigiliae
1002 694 1240 748 crebrius
1270 697 1565 764 ponantur3
1606 699 1660 748 et
1691 697 1896 766 equites

206 767 416 820 alterna
453 767 569 820 vice
610 771 789 821 castra
827 768 1050 821 circuire
1090 768 1302 823 debent.
1338 836 1342 840 Α
1373 766 1431 820 Si
1469 768 1526 821 in
1562 772 1773 839 pacato,
1814 788 1898 823 so-

203 841 477 894 lummodo
517 842 751 895 tuendae
799 841 1116 911 disciplinae
1162 859 1325 895 causa
1373 861 1510 895 unus
1551 843 1683 897 ordo
1723 862 1897 897 armo-

139 929 182 960 10
205 933 328 967 rum
369 914 591 984 sufficit,
631 918 685 968 et
723 915 942 985 vigiliae
980 916 1154 968 rarius
1194 916 1610 970 constituuntur.

354 987 442 1041 53.
478 987 786 1059 Aggeribus
828 991 1008 1043 autem
1047 990 1125 1043 ita
1162 989 1226 1042 fit
1264 989 1489 1058 vallum,
1538 989 1583 1042 si
1621 990 1770 1043 locus
1809 1009 1898 1059 pe-

203 1063 384 1115 trosus
437 1065 532 1114 aut
578 1081 834 1116 arenosus
881 1063 1066 1132 fuerit,
1128 1063 1270 1132 quod
1321 1063 1434 1116 sine
1481 1063 1643 1116 dubio
1700 1080 1898 1133 aggere

202 1134 350 1188 facto
390 1136 749 1189 munitionem
787 1137 981 1190 castris
1019 1138 1255 1221 praebet.

354 1209 440 1263 54.
492 1210 740 1280 Angulos
803 1213 1104 1264 castrorum
1166 1210 1415 1264 circinari
1469 1212 1710 1279 oportet,
1773 1210 1899 1279 quia

139 1297 180 1329 15
205 1301 365 1336 coxas
423 1283 664 1337 efficiunt
710 1284 1161 1353 instabiliuntque
1216 1303 1352 1353 opus
1404 1283 1899 1353 propugnationum

43 1368 185 1426 136b2
203 1359 460 1410 tutantes.
538 1355 803 1411 Circinari
845 1358 851 1426 Ι
895 1358 1167 1419 debebunt
1215 1377 1278 1411 ex
1329 1358 1541 1427 angulis
1582 1357 1899 1426 cohortium,

203 1449 339 1500 quae
394 1430 635 1484 efficiunt
687 1431 1034 1485 latitudinem
1082 1431 1260 1500 operis
1314 1432 1512 1500 pedum
1557 1430 1675 1499 LX,
1729 1449 1898 1500 usque

204 1522 308 1573 quo
354 1505 526 1558 lineas
579 1506 868 1560 exteriores
924 1505 1393 1574 comprehenderis
1402 1548 1417 1574 ,
1472 1523 1606 1574 quae
1661 1504 1900 1557 efficiunt

204 1581 418 1647 partem
443 1581 703 1648 quartam.
781 1579 868 1632 55.
908 1577 1170 1632 Similiter
1207 1579 1470 1633 clavicula
1509 1578 1799 1631 circinatur
1837 1596 1901 1630 ex

137 1667 181 1699 20
204 1652 349 1705 linea
386 1652 640 1706 interiore
679 1653 830 1722 valli,
885 1655 1088 1721 puncto
1127 1653 1334 1706 mediae
1371 1654 1581 1721 portae,
1645 1651 1898 1720 adaperto

205 1726 402 1780 circino
458 1726 526 1779 ad
579 1727 852 1780 cardinem
905 1729 1110 1795 portae.
1201 1726 1286 1779 Ex
1338 1744 1400 1779 eo
1455 1725 1631 1778 medio
1684 1727 1900 1794 praeter

205 1799 352 1852 viam
393 1800 679 1854 circinabis
713 1801 772 1853 in
804 1801 1028 1853 eandem
1059 1800 1274 1868 lineam,
1305 1818 1441 1868 quae
1474 1801 1656 1852 centro
1689 1798 1899 1851 serviet.

202 1872 364 1943 Item,
418 1876 617 1942 puncto
675 1877 950 1942 manente,
1010 1873 1205 1927 adicies
1259 1873 1605 1926 latitudinem
1659 1872 1792 1924 valli
1846 1874 1900 1924 et

203 1947 399 2000 iterum
439 1947 725 2001 circinabis
764 1948 822 2000 in
863 1947 1087 2000 eandem
1118 1948 1329 2016 lineam,
1369 1949 1430 2000 ut
1460 1947 1728 1999 intrantes
1767 1963 1899 1998 sem-

207 2114 230 2152 1
267 2122 404 2153 cervo
438 2122 547 2179 erro
579 2106 981 2152 litrunciramossi.
1104 2113 1131 2152 2
1156 2106 1422 2164 fragoritur.
1515 2111 1540 2150 3
1566 2104 1773 2163 lapidem
1803 2117 1898 2148 mo-

204 2196 349 2241 bilem
380 2210 495 2243 corr.
524 2196 614 2242 Seh
734 2195 976 2254 copiosum
1013 2195 1192 2238 ballum
1311 2199 1341 2238 4
1371 2193 1470 2250 ripe
1591 2199 1617 2238 6
1658 2191 1896 2237 ordinibus

205 2259 462 2301 castrorum
491 2255 581 2298 IIII
614 2256 786 2311 castra,
828 2257 1084 2300 castrorum
1115 2254 1243 2298 eiecit
1274 2253 1364 2298 Sch
1510 2256 1534 2297 7
1568 2251 1777 2307 aequites

204 2378 231 2418 9
262 2373 436 2417 tuende
583 2378 637 2417 10
668 2372 873 2431 vigilaae
1018 2338 1332 2415 constitiilntur
1476 2374 1528 2413 11
1560 2368 1744 2413 ballout
1781 2381 1893 2414 corr.

204 2432 307 2477 Sch.
433 2437 486 2476 12
519 2431 682 2488 aggeri
820 2437 876 2476 14
908 2430 1105 2488 angulus
1251 2435 1305 2474 15
1337 2428 1756 2484 instabiliuntquae
1810 2486 1818 2493 ι

203 2490 629 2558 propugnationem
666 2491 826 2535 tutant
956 2495 1009 2534 16
1043 2503 1099 2533 ex
1130 2488 1325 2545 angulos
1449 2493 1503 2532 17
1538 2500 1702 2543 quaeq.
1735 2486 1898 2529 latitu-

207 2548 339 2593 dines
373 2549 524 2606 operis
619 2555 674 2594 18
706 2548 832 2593 linea
862 2547 1113 2593 exteriores
1147 2546 1582 2604 compraehenderit
1703 2550 1756 2589 19
1788 2557 1895 2601 pars

207 2666 372 2722 quarta
402 2679 514 2710 corr.
541 2665 631 2712 Βοὴ
750 2671 808 2710 20
838 2666 956 2710 balli
1076 2664 1234 2708 iuncto
1269 2667 1398 2722 (corr.
1433 2664 1538 2721 Sch)
1570 2662 1751 2706 mediae
1784 2662 1894 2719 pote

202 2739 318 2771 corr.
339 2724 469 2770 Scriv
592 2730 645 2769 21
679 2725 813 2782 porte
937 2738 992 2768 ea
1002 2722 1189 2830 lmedia,
1224 2737 1304 2769 om.
1333 2736 1390 2767 ex
1420 2727 1524 2768 ante
1556 2735 1611 2766 ea
1703 2726 1757 2765 22
1791 2720 1894 2764 viae

268 2847 324 2887 23
356 2840 522 2899 punito
557 2840 767 2886 manenti
887 2799 1046 2885 adballi
