2032 3192
176 170 213 222 4
841 171 1198 218 PRAEFATIO.

175 305 501 359 Arcerianus
541 306 709 360 habet
747 307 1019 360 latitudine
1046 309 1238 375 pedum
1262 307 1432 379 CXX,
1472 310 1563 363 sed
1593 328 1712 362 cum
1744 309 1858 378 Hy·

176 380 335 448 ginus
383 383 574 449 pergat
618 397 744 434 nam
787 382 923 448 quod
964 382 1037 434 ad
1079 382 1402 434 latitudinem
1446 384 1743 451 semistrz'yii
1771 401 1861 451 pe·-

175 455 299 506 dum
323 453 494 506 XXX
515 455 716 518 attinet,
755 454 934 522 priore
965 455 1084 508 loco
1115 471 1225 507 non
1249 459 1310 506 de
1336 456 1638 525 latitudine,
1679 457 1770 509 sed
1795 457 1859 509 de

175 527 515 596 longitudine
541 528 733 596 agitur.
788 527 906 580 Iam
930 526 1158 580 Goesius
1190 527 1247 579 in
1271 528 1492 599 Antiqq.
1519 548 1692 600 agrar.
1723 550 1772 599 p.
1791 530 1862 583 95

174 600 317 652 hunc
363 600 711 653 manifestum
749 601 958 653 librarii
1009 619 1245 654 errorem
1285 603 1604 657 emendavit.
1679 603 1863 672 Lange

175 674 391 742 quidem
445 675 502 726 in
557 674 942 728 commentario
997 673 1340 744 Hyginianae
1395 676 1623 730 editioni
1678 677 1862 731 addito

172 766 222 815 p.
245 747 350 801 105
391 748 661 801 latitudine
698 748 911 816 retinet,
951 748 1092 816 quod
1131 754 1402 802 ocmcrrzmt
1442 747 1537 819 (A)
1579 751 1752 820 magis
1795 751 1860 803 ad

174 821 514 874 latitudinem
547 840 708 890 quam
736 822 799 874 ad
824 822 1218 890 longitudinem
1240 823 1431 875 referri
1455 823 1713 877 videatur.
1761 823 1863 877 Sed

173 913 241 947 ne
289 899 562 947 occurrunt
614 895 829 964 quidem
883 897 1026 947 recte
1076 913 1132 948 se
1179 895 1358 948 habet.
1434 895 1558 949 Non
1614 897 1864 950 absolute

173 968 278 1021 dici
316 971 521 1036 potest:
562 969 798 1021 tentoria
838 972 1138 1037 occurrunt,
1186 970 1401 1022 etiamsi
1440 969 1624 1040 Lange
1662 972 1697 1023 1.
1729 988 1771 1024 c.
1811 970 1864 1023 id

172 1042 329 1094 nobis
369 1042 690 1110 persuadere
733 1042 862 1095 vult.
925 1042 1124 1110 Recepi
1165 1041 1499 1111 ‘decurrunt',
1539 1062 1865 1113 quamquam

171 1121 431 1184 ocmtpant,
471 1115 612 1184 quod
652 1116 885 1183 scriptor
925 1115 1123 1168 codicis
1163 1115 1210 1168 B
1250 1116 1307 1168 in
1348 1120 1591 1185 margine
1631 1118 1710 1170 ita
1749 1118 1862 1170 lau-

172 1189 266 1241 dat
305 1188 404 1243 ‘Nf
439 1188 736 1258 occupant',
775 1189 832 1242 in
871 1189 1049 1241 locum
1086 1192 1335 1242 nostrum
1374 1191 1576 1258 optime
1619 1191 1863 1260 quadrat,

172 1263 264 1314 sed
301 1263 422 1331 ipsa
459 1262 555 1315 illa
591 1265 723 1315 nota
762 1263 1075 1331 marginalis
1128 1263 1261 1316 satis
1302 1263 1638 1317 demonstrat
1679 1264 1863 1334 genui-

170 1355 297 1388 nam
329 1336 617 1389 lectionem
650 1354 764 1389 esse
791 1335 1115 1389 ‘occurrunt'.
1162 1336 1447 1390 Decurrerc
1471 1355 1581 1389 non
1606 1338 1864 1390 abhorret

173 1410 239 1461 ab
281 1410 712 1479 agrimensorum
745 1427 1005 1477 sermone,
1044 1409 1229 1478 Lange
1262 1410 1377 1478 ipse
1410 1411 1444 1462 1.
1470 1429 1511 1463 c.
1544 1411 1699 1464 affert
1723 1410 1863 1481 Agg.

171 1482 303 1535 Urb.
341 1503 391 1552 p.
424 1484 495 1536 46
537 1483 787 1536 editionis
826 1482 1313 1536 Lachmannianae.

318 1558 564 1624 quoniam
609 1558 866 1610 coniuncti
913 1558 1148 1622 tendunt]
1208 1557 1489 1610 Arceriani
1537 1558 1863 1626 scripturam

170 1647 284 1684 cum
337 1631 785 1698 conpractcmoleret}¹
814 1629 999 1700 Lange
1053 1630 1111 1683 in
1163 1630 1305 1683 hunc
1357 1631 1577 1683 modum
1632 1630 1865 1683 mutavit

169 1721 285 1756 cum
322 1705 777 1772 compraetendant.
841 1701 942 1756 Sed
973 1704 1090 1772 ipse
1122 1704 1423 1772 confitetur,
1463 1705 1687 1757 verbum
1721 1722 1863 1757 com-

169 1778 518 1845 praetendere
559 1795 673 1830 esse
719 1772 808 1829 ἁπ.
849 1775 1158 1847 εἰρημένον.
1237 1777 1391 1839 Quod
1432 1778 1544 1830 eius
1585 1777 1864 1830 notionem

171 1851 438 1919 explicare
477 1869 636 1919 posse
684 1851 789 1903 sibi
827 1851 1111 1903 videbatur
1149 1869 1200 1918 p.
1237 1851 1357 1919 107,
1407 1851 1693 1903 infeliciter
1733 1851 1864 1919 egit.

170 1922 270 1977 Oui
310 1924 451 1976 enim
489 1924 849 1993 persuadebit,
898 1925 956 1976 in
992 1928 1181 1977 nostro
1221 1924 1341 1977 loco
1382 1923 1863 1993 ‘praepositionem

159 2015 292 2064 prae
332 1998 556 2050 eandem
595 1998 872 2051 notionem
910 1997 1139 2050 localem
1170 1997 1369 2050 habere
1406 1995 1664 2067 (vorher),
1703 2016 1864 2066 quam

169 2071 338 2124 habet
369 2072 426 2123 in
458 2072 622 2124 verbo
637 2070 1054 2138 praeducendi'?
1109 2069 1313 2124 Contra
1345 2071 1697 2139 praetendere
1723 2071 1865 2139 apud

169 2144 452 2214 Hyginum
494 2145 766 2214 significat
805 2145 864 2196 in
903 2144 1173 2197 anteriore
1214 2146 1517 2197 castrorum
1554 2148 1710 2212 parte
1749 2148 1865 2197 ten-

172 2218 310 2283 dere,
345 2236 480 2287 quae
511 2218 634 2270 inde
658 2221 1009 2287 praetentura
1033 2221 1271 2286 vocatur,
1310 2220 1372 2269 ut
1395 2218 1674 2270 retendere
1700 2217 1865 2287 signi-

170 2292 297 2344 ficat
337 2291 391 2343 in
431 2294 709 2344 retentura
739 2292 957 2344 tendere
998 2291 1063 2344 cf.
1087 2294 1302 2359 praeter
1327 2291 1528 2343 multos
1557 2291 1693 2344 alios
1717 2292 1863 2343 locos

171 2383 212 2417 c.
244 2365 317 2417 24
340 2364 409 2418 in.
450 2364 832 2432 ‘praetendunt
869 2365 1006 2417 alae'
1048 2367 1102 2416 et
1133 2364 1299 2417 25111.
1338 2363 1644 2416 ‘retendunt
1676 2364 1862 2417 cohor-

169 2441 252 2490 tes
294 2438 601 2507 equitatae'.
669 2437 934 2500 Quoniam
959 2438 1210 2507 Hyginus
1250 2438 1310 2489 in
1346 2438 1521 2506 primo
1563 2438 1741 2506 capite
1773 2455 1861 2489 ne-

171 2529 273 2580 que
306 2511 369 2563 de
400 2514 747 2579 praetentura
778 2529 952 2580 neque
985 2511 1048 2563 de
1079 2511 1192 2578 ulla
1224 2511 1329 2563 alia
1365 2513 1663 2563 castrorum
1705 2513 1860 2578 parte

167 2584 425 2653 loquitur,
473 2587 655 2654 aperte
701 2584 899 2636 falsum
947 2588 1029 2637 est
1067 2585 1480 2655 conpraetendere
1530 2601 1626 2635 nec
1666 2584 1860 2651 minus,

169 2658 225 2710 id
265 2658 405 2726 quod
445 2657 670 2711 Goesius
708 2659 743 2710 1.
775 2676 815 2710 c.
855 2677 906 2726 p.
937 2658 1008 2710 95
1047 2658 1368 2725 postulavit,
1414 2661 1590 2709 contra
1620 2660 1859 2723 praeten-

168 2732 302 2795 dere,
365 2731 458 2783 sed
503 2730 837 2783 desideratur
882 2731 1111 2799 simplex
1157 2732 1364 2783 tendere.
1449 2728 1552 2781 Sed
1603 2730 1730 2798 quid
1784 2729 1848 2782 de

167 2805 367 2857 litteris
409 2804 847 2857 antecedentibus
897 2805 1025 2856 fiet‘?
1102 2802 1286 2856 Nexus
1335 2803 1727 2856 sententiarum
1777 2820 1857 2855 re-

172 2877 359 2946 quirit,
419 2881 479 2930 ut
533 2877 690 2930 binas
746 2878 1015 2930 centurias
1085 2895 1193 2930 una
1251 2875 1565 2945 tetendisse,
1629 2877 1856 2929 alteram
