2032 3192
810 176 1171 222 PRAEFATIO.
1808 178 1836 229 7

147 317 322 367 natur.
397 313 460 365 Id
508 312 816 382 significant
868 308 1056 381 verba,
1110 330 1245 381 quae
1294 315 1420 365 sunt
1467 311 1627 381 ‘quod
1674 313 1841 366 fuerit

150 388 334 457 signiS‚
373 386 618 439 tabulino
660 385 796 439 erit'.
867 385 1006 438 Tum
1043 403 1112 438 ne
1150 386 1288 439 ratio
1328 386 1619 455 pedaturae
1658 387 1839 440 turbe-

147 465 252 529 tur,
292 460 622 529 semistrigia
653 462 948 528 mutantur,
986 459 1088 513 hoc
1120 463 1204 513 est
1235 460 1453 512 brevius
1487 460 1839 529 semistrigio-

145 553 265 588 rum
305 534 449 587 latus
489 534 608 587 loco
648 533 912 603 longioris
944 533 1176 602 ponitur.
1231 533 1455 586 Minime
1493 534 1663 603 igitur
1703 552 1839 602 opus

147 611 230 661 est
271 626 390 661 cum
428 607 637 676 Langio
677 607 852 660 textui
890 607 1127 661 inserere
1174 605 1338 676 ‘quod
1375 607 1541 660 fuerit
1579 608 1838 677 tabulin0‚

147 683 248 735 erit
288 680 494 750 signis'.
569 680 651 734 De
695 681 942 734 tabulino
992 684 1046 734 et
1092 681 1261 751 signis
1308 699 1419 734 non
1467 682 1533 733 ad
1572 681 1839 750 Langium

144 773 497 825 recurramuS,
540 754 634 808 sed
674 755 741 807 ad
771 753 980 825 Hygini
1020 754 1152 808 satis
1193 755 1339 808 clara
1376 755 1564 808 verba:
1606 758 1842 808 statuen-

145 829 273 882 dum
313 833 418 897 est,
470 829 627 898 signa
664 846 857 882 vocare
895 827 1181 898 Hyginum
1221 829 1440 898 longius
1489 829 1841 898 semistrigio-

143 922 262 956 rum
310 903 477 968 latuS,
530 903 836 955 tabulinum
880 902 1119 971 brevius,
1180 902 1234 955 id
1283 903 1426 972 quod
1471 903 1622 956 nullo
1671 903 1839 956 totius

143 977 271 1029 libri
310 977 429 1029 loco
469 976 828 1045 redarguitur.

292 1051 352 1103 de
397 1067 451 1103 eo
489 1051 649 1117 quod]
707 1049 845 1102 Mihi
901 1068 1112 1145 quoque
1166 1050 1334 1103 verba
1390 1069 1522 1103 sana
1575 1043 1841 1118 videntur,

146 1142 473 1193 quamquam
522 1123 605 1176 ‘de
652 1141 714 1176 eo
762 1122 931 1192 quod'
979 1124 1220 1177 nondum
1269 1124 1327 1176 in
1366 1124 1722 1192 scriptoribus
1762 1119 1860 1176 in-'

143 1198 280 1250 veni.
359 1196 463 1250 Sed
512 1196 598 1250 ‘ab
647 1215 709 1250 eo
758 1196 919 1266 quod’
943 1194 1144 1250 Varro
1194 1198 1257 1250 de
1304 1198 1338 1250 1.
1378 1198 1412 1250 1.
1451 1196 1503 1250 V
1548 1198 1650 1251 171
1693 1216 1839 1281 seqq.

145 1271 286 1340 apud
323 1270 557 1324 Hultsch
599 1272 890 1341 scriptores
929 1271 1273 1341 metrologici
1310 1270 1367 1323 II
1412 1290 1463 1341 p.
1504 1271 1576 1324 50
1625 1271 1839 1340 saepius

143 1345 442 1414 usurpavit.

295 1437 337 1472 0.
368 1419 418 1471 4.
471 1419 759 1485 vexillarii]
819 1418 870 1472 A
926 1419 1146 1472 exhibet
1198 1420 1492 1472 vexillarive
1540 1418 1715 1472 cohors
1766 1435 1839 1471 se-

143 1493 325 1556 dando,
366 1493 508 1561 quod
540 1491 723 1562 Lange
762 1493 841 1545 ita
880 1493 1186 1546 emendavit
1214 1494 1478 1553 veoeillarii
1514 1493 1590 1546 vel
1620 1492 1841 1545 cohortes

142 1568 415 1629 secundae;
478 1585 529 1634 p.
565 1567 682 1619 124.
722 1565 771 1619 5.
821 1566 1060 1619 defendit
1100 1585 1253 1619 suam
1291 1567 1605 1636 lectionem,
1654 1566 1838 1618 miser-

142 1640 278 1692 rime
319 1639 550 1709 quidem.
625 1639 770 1693 Nam
808 1640 1045 1709 primum
1084 1640 1334 1693 cohortes
1382 1640 1714 1710 legionariae
1754 1639 1840 1692 de-

144 1732 292 1766 mum
331 1717 525 1782 postea
564 1717 1069 1783 commemorantur,
1107 1714 1296 1767 deinde
1321 1713 1507 1784 Lange
1548 1714 1838 1766 sententia-

143 1806 263 1841 rum
301 1805 498 1840 nexum
535 1805 758 1856 prorsus
805 1806 917 1841 non
954 1788 1243 1855 intellexit3
1297 1788 1476 1841 verbis
1517 1787 1726 1857 Hygini
1766 1786 1841 1840 ‘et

146 1862 192 1913 si
230 1879 315 1914 res
357 1862 538 1930 exiget
577 1891 647 1898 -
689 1865 743 1913 et
789 1861 837 1913 si
877 1862 1119 1915 strictior
1163 1862 1328 1914 fuerit
1371 1860 1657 1930 pedatura'
1704 1861 1838 1913 indi-

146 1938 314 2003 catur,
352 1935 676 1987 necessitate
717 1937 942 2003 cogente
981 1935 1243 1988 maiorem
1283 1937 1338 1987 et
1375 1953 1474 2004 pro
1515 1935 1691 2003 spatio
1731 1953 1841 1987 ma·
1883 1978 1892 1991 .

142 2008 347 2060 ximum
379 2026 660 2060 numerum
690 2008 925 2061 militum
959 2027 1120 2079 super
1143 2009 1422 2062 cohortem
1450 2009 1681 2077 primam
1706 2008 1836 2061 dari.

142 2081 247 2134 Est
284 2082 495 2151 climaX,
535 2082 628 2165 qui
667 2081 864 2135 dicitur
902 2083 1208 2135 ascendens,
1284 2082 1415 2145 Quis
1457 2101 1583 2136 vero
1624 2085 1839 2150 praeter

142 2154 410 2225 Langium
449 2155 506 2207 in
543 2155 653 2208 imo
695 2159 749 2208 et
788 2174 997 2209 summo
1050 2155 1293 2209 climacis
1343 2156 1515 2226 gradu
1556 2155 1838 2209 cohortem

145 2229 503 2312 legionariam
556 2230 763 2298 ponet?
846 2229 986 2282 Mihi
1032 2230 1248 2299 quidem
1301 2247 1412 2283 non
1467 2233 1549 2283 est
1603 2229 1841 2298 dubium,

146 2303 278 2385 quin
316 2303 481 2355 verba
518 2320 574 2356 ve
612 2303 785 2356 cohors
823 2304 1043 2357 sedando
1081 2303 1322 2356 eicienda
1363 2304 1486 2356 sint.
1565 2321 1607 2356 c.
1647 2303 1718 2355 23
1760 2321 1839 2355 ex.

145 2377 203 2438 in
242 2395 463 2444 prorsus
505 2376 674 2429 simili
719 2377 839 2430 loco
885 2378 1087 2446 legitur
1135 2376 1419 2430 ‘vexillarii
1465 2377 1551 2430 vel
1590 2376 1838 2430 cohortes

147 2449 411 2502 secundae
466 2450 551 2502 vel
604 2450 876 2518 peditatae
931 2451 1315 2520 quingenariae
1379 2468 1538 2519 super
1592 2450 1838 2503 cohortes

144 2521 382 2591 primas',
431 2523 613 2575 ordine
653 2523 824 2593 igitur
862 2527 1071 2577 mutato
1120 2523 1370 2578 cohortes
1413 2524 1674 2577 secundae
1714 2526 1840 2576 ante
1895 2531 1898 2533 ’

145 2597 416 2665 peditatas
458 2597 841 2667 quingenarias
882 2601 1386 2652 commemorantur.
1469 2596 1722 2666 Suspicor
1761 2600 1839 2649 at-

146 2673 358 2722 tentum
398 2671 629 2739 aliquem
667 2671 924 2724 lectorem
962 2672 1019 2724 in
1057 2672 1302 2741 margine
1339 2671 1621 2740 archetypi
1660 2689 1772 2740 cap.
1804 2670 1840 2722 4

148 2743 434 2796 adnotasse
471 2747 597 2813 post
635 2743 944 2797 ‘vexillarii'
995 2746 1071 2799 vel
1109 2745 1330 2799 cohortes
1365 2746 1625 2809 secundae,
1664 2748 1726 2797 ut
1764 2744 1840 2796 in-

147 2816 353 2869 dicaret
404 2818 703 2886 posteriore
757 2819 876 2871 loco
941 2819 1213 2872 inversum
1277 2837 1392 2872 esse
1448 2819 1713 2886 ordinem3
1776 2835 1840 2868 ex

147 2890 392 2960 margine
425 2895 605 2943 autem
637 2892 918 2960 irrepsisse
950 2893 1007 2944 in
1038 2895 1261 2946 textum.
1288 2923 1357 2929 —-
1381 2892 1445 2944 In
1477 2891 1670 2960 1811)18,
1702 2907 1839 2959 quae
